<?xml version="1.0" encoding="UTF-8"?>
<!DOCTYPE html PUBLIC "-//W3C//DTD XHTML 1.0 Transitional//EN"
    "http://www.w3.org/TR/xhtml1/DTD/xhtml1-transitional.dtd">
<html xmlns="http://www.w3.org/1999/xhtml" xml:lang="en" lang="en">
 <head>
  <title>
</title>
<meta http-equiv="Content-Type" content="text/html;charset=utf-8" />
  <meta name='ocr-system' content='tesseract 3.04.00' />
  <meta name='ocr-capabilities' content='ocr_page ocr_carea ocr_par ocr_line ocrx_word'/>
</head>
<body>
  <div class='ocr_page' id='page_1' title='image "./lannaeisenecaedi00doeruoft_0117.png"; bbox 0 0 1878 3158; ppageno 0'>
   <div class='ocr_carea' id='block_1_1' title="bbox 905 144 1005 194">
    <p class='ocr_par' dir='ltr' id='par_1_1' title="bbox 905 144 1005 194">
     <span class='ocr_line' id='line_1_1' title="bbox 905 144 1005 194; baseline -0.01 0"><span class='ocrx_word' id='word_1_1' title='bbox 905 144 1005 194; x_wconf 88' lang='grc'><strong>105</strong></span> 
     </span>
    </p>
   </div>
   <div class='ocr_carea' id='block_1_2' title="bbox 80 282 1795 2392">
    <p class='ocr_par' dir='ltr' id='par_1_2' title="bbox 80 282 1795 2392">
     <span class='ocr_line' id='line_1_2' title="bbox 121 282 1790 333; baseline -0.002 -10"><span class='ocrx_word' id='word_1_2' title='bbox 121 282 273 333; x_wconf 60' lang='lat' dir='ltr'><strong>saepius</strong></span> <span class='ocrx_word' id='word_1_3' title='bbox 303 284 417 322; x_wconf 86' lang='lat' dir='ltr'><strong>etiam</strong></span> <span class='ocrx_word' id='word_1_4' title='bbox 447 295 530 320; x_wconf 86' lang='lat' dir='ltr'><strong>esse</strong></span> <span class='ocrx_word' id='word_1_5' title='bbox 557 282 748 328; x_wconf 82' lang='lat' dir='ltr'><strong>videatur,</strong></span> <span class='ocrx_word' id='word_1_6' title='bbox 780 294 856 320; x_wconf 88' lang='lat' dir='ltr'><strong>non</strong></span> <span class='ocrx_word' id='word_1_7' title='bbox 886 283 960 320; x_wconf 88' lang='lat' dir='ltr'><strong>hoc</strong></span> <span class='ocrx_word' id='word_1_8' title='bbox 986 289 1133 320; x_wconf 89' lang='lat' dir='ltr'><strong>tantum</strong></span> <span class='ocrx_word' id='word_1_9' title='bbox 1162 283 1249 320; x_wconf 94' lang='lat' dir='ltr'><strong>loco</strong></span> <span class='ocrx_word' id='word_1_10' title='bbox 1279 284 1487 321; x_wconf 78' lang='lat' dir='ltr'><strong>similitudo</strong></span> <span class='ocrx_word' id='word_1_11' title='bbox 1518 283 1578 320; x_wconf 80' lang='lat' dir='ltr'><strong>vel</strong></span> <span class='ocrx_word' id='word_1_12' title='bbox 1607 284 1790 333; x_wconf 87' lang='lat' dir='ltr'><strong>quaedam</strong></span> 
     </span>
     <span class='ocr_line' id='line_1_3' title="bbox 122 340 1792 402; baseline 0 -12"><span class='ocrx_word' id='word_1_13' title='bbox 122 340 302 402; x_wconf 48' lang='lat' dir='ltr'><strong>cognatio</strong></span> <span class='ocrx_word' id='word_1_14' title='bbox 338 354 440 390; x_wconf 85' lang='lat' dir='ltr'><strong>inter</strong></span> <span class='ocrx_word' id='word_1_15' title='bbox 473 352 641 389; x_wconf 79' lang='lat' dir='ltr'><strong>Senecae</strong></span> <span class='ocrx_word' id='word_1_16' title='bbox 680 352 892 388; x_wconf 76' lang='lat' dir='ltr'><strong>doctrinam</strong></span> <span class='ocrx_word' id='word_1_17' title='bbox 935 358 974 389; x_wconf 87' lang='lat' dir='ltr'><strong>et</strong></span> <span class='ocrx_word' id='word_1_18' title='bbox 1012 352 1246 389; x_wconf 79' lang='lat' dir='ltr'><strong>Christianos</strong></span> <span class='ocrx_word' id='word_1_19' title='bbox 1265 381 1273 396; x_wconf 95' lang='lat'>,</span> <span class='ocrx_word' id='word_1_20' title='bbox 1319 365 1403 388; x_wconf 87' lang='lat' dir='ltr'><strong>cum</strong></span> <span class='ocrx_word' id='word_1_21' title='bbox 1442 352 1578 389; x_wconf 79' lang='lat' dir='ltr'><strong>Paullo</strong></span> <span class='ocrx_word' id='word_1_22' title='bbox 1617 354 1792 401; x_wconf 85' lang='lat' dir='ltr'><strong>apostolo</strong></span> 
     </span>
     <span class='ocr_line' id='line_1_4' title="bbox 121 410 1791 469; baseline -0.001 -10"><span class='ocrx_word' id='word_1_23' title='bbox 121 418 307 459; x_wconf 72' lang='lat' dir='ltr'><strong>Senecam</strong></span> <span class='ocrx_word' id='word_1_24' title='bbox 335 417 490 457; x_wconf 70' lang='lat' dir='ltr'><strong>fuerunt</strong></span> <span class='ocrx_word' id='word_1_25' title='bbox 517 410 581 468; x_wconf 45' lang='lat' dir='ltr'><strong>q&#39;ui</strong></span> <span class='ocrx_word' id='word_1_26' title='bbox 611 421 880 456; x_wconf 75' lang='lat' dir='ltr'><strong>contenderint</strong></span> <span class='ocrx_word' id='word_1_27' title='bbox 906 421 1123 457; x_wconf 89' lang='lat' dir='ltr'><strong>consentire</strong></span> <span class='ocrx_word' id='word_1_28' title='bbox 1152 432 1227 468; x_wconf 89' lang='lat' dir='ltr'><strong>qua</strong></span> <span class='ocrx_word' id='word_1_29' title='bbox 1253 421 1292 455; x_wconf 92' lang='lat' dir='ltr'><strong>in</strong></span> <span class='ocrx_word' id='word_1_30' title='bbox 1323 421 1494 468; x_wconf 87' lang='lat' dir='ltr'><strong>epistolis</strong></span> <span class='ocrx_word' id='word_1_31' title='bbox 1524 422 1601 457; x_wconf 89' lang='lat' dir='ltr'><strong>suis</strong></span> <span class='ocrx_word' id='word_1_32' title='bbox 1639 433 1791 469; x_wconf 85' lang='lat' dir='ltr'><strong>perver-</strong></span> 
     </span>
     <span class='ocr_line' id='line_1_5' title="bbox 122 487 1791 537; baseline 0.002 -13"><span class='ocrx_word' id='word_1_33' title='bbox 122 487 272 527; x_wconf 73' lang='lat' dir='ltr'><strong>situ&#39;tsm</strong></span> <span class='ocrx_word' id='word_1_34' title='bbox 310 487 524 524; x_wconf 74' lang='lat' dir='ltr'><strong>mortalium</strong></span> <span class='ocrx_word' id='word_1_35' title='bbox 565 487 730 522; x_wconf 90' lang='lat' dir='ltr'><strong>omnium</strong></span> <span class='ocrx_word' id='word_1_36' title='bbox 770 490 884 525; x_wconf 89' lang='lat' dir='ltr'><strong>etiam</strong></span> <span class='ocrx_word' id='word_1_37' title='bbox 921 490 1004 537; x_wconf 87' lang='lat' dir='ltr'><strong>ipse</strong></span> <span class='ocrx_word' id='word_1_38' title='bbox 1034 489 1197 526; x_wconf 80' lang='lat' dir='ltr'><strong>Paullus</strong></span> <span class='ocrx_word' id='word_1_39' title='bbox 1241 490 1423 536; x_wconf 84' lang='lat' dir='ltr'><strong>queritur.</strong></span> <span class='ocrx_word' id='word_1_40' title='bbox 1484 490 1627 525; x_wconf 90' lang='lat' dir='ltr'><strong>Verum</strong></span> <span class='ocrx_word' id='word_1_41' title='bbox 1667 495 1791 527; x_wconf 88' lang='lat' dir='ltr'><strong>tamen</strong></span> 
     </span>
     <span class='ocr_line' id='line_1_6' title="bbox 121 555 1792 605; baseline 0.001 -11"><span class='ocrx_word' id='word_1_42' title='bbox 121 555 350 594; x_wconf 72' lang='lat' dir='ltr'><strong>monendum</strong></span> <span class='ocrx_word' id='word_1_43' title='bbox 381 556 452 592; x_wconf 86' lang='lat' dir='ltr'><strong>erit</strong></span> <span class='ocrx_word' id='word_1_44' title='bbox 479 567 527 591; x_wconf 87' lang='lat' dir='ltr'><strong>ne</strong></span> <span class='ocrx_word' id='word_1_45' title='bbox 558 555 641 603; x_wconf 85' lang='lat' dir='ltr'><strong>quis</strong></span> <span class='ocrx_word' id='word_1_46' title='bbox 674 558 913 604; x_wconf 86' lang='lat' dir='ltr'><strong>quantumvis</strong></span> <span class='ocrx_word' id='word_1_47' title='bbox 944 558 1016 594; x_wconf 87' lang='lat' dir='ltr'><strong>sibi</strong></span> <span class='ocrx_word' id='word_1_48' title='bbox 1045 563 1215 605; x_wconf 86' lang='lat' dir='ltr'><strong>tempore</strong></span> <span class='ocrx_word' id='word_1_49' title='bbox 1241 569 1362 604; x_wconf 88' lang='lat' dir='ltr'><strong>prope</strong></span> <span class='ocrx_word' id='word_1_50' title='bbox 1392 559 1568 605; x_wconf 76' lang='lat' dir='ltr'><strong>aequales</strong></span> <span class='ocrx_word' id='word_1_51' title='bbox 1595 558 1670 595; x_wconf 91' lang='lat' dir='ltr'><strong>hoc</strong></span> <span class='ocrx_word' id='word_1_52' title='bbox 1690 559 1792 596; x_wconf 85' lang='lat' dir='ltr'><strong>viros</strong></span> 
     </span>
     <span class='ocr_line' id='line_1_7' title="bbox 119 616 1793 676; baseline 0.002 -14"><span class='ocrx_word' id='word_1_53' title='bbox 119 616 335 673; x_wconf 65' lang='lat' dir='ltr'><strong>suspicetur</strong></span> <span class='ocrx_word' id='word_1_54' title='bbox 363 623 503 659; x_wconf 85' lang='lat' dir='ltr'><strong>vixisse</strong></span> <span class='ocrx_word' id='word_1_55' title='bbox 532 623 767 660; x_wconf 76' lang='lat' dir='ltr'><strong>familiariter</strong></span> <span class='ocrx_word' id='word_1_56' title='bbox 785 625 862 650; x_wconf 80' lang='lat'><strong>⁶⁹⁸</strong></span> <span class='ocrx_word' id='word_1_57' title='bbox 907 637 1000 662; x_wconf 84' lang='lat' dir='ltr'><strong>neve</strong></span> <span class='ocrx_word' id='word_1_58' title='bbox 1039 638 1085 662; x_wconf 86' lang='lat' dir='ltr'><strong>ex</strong></span> <span class='ocrx_word' id='word_1_59' title='bbox 1120 625 1190 660; x_wconf 80' lang='lat' dir='ltr'><strong>hac</strong></span> <span class='ocrx_word' id='word_1_60' title='bbox 1229 631 1407 675; x_wconf 88' lang='lat' dir='ltr'><strong>tanquam</strong></span> <span class='ocrx_word' id='word_1_61' title='bbox 1446 638 1580 662; x_wconf 87' lang='lat' dir='ltr'><strong>caussa</strong></span> <span class='ocrx_word' id='word_1_62' title='bbox 1607 627 1793 676; x_wconf 83' lang='lat' dir='ltr'><strong>interpre-</strong></span> 
     </span>
     <span class='ocr_line' id='line_1_8' title="bbox 121 688 1792 744; baseline 0.001 -13"><span class='ocrx_word' id='word_1_63' title='bbox 121 688 223 731; x_wconf 70' lang='lat' dir='ltr'><strong>tetur</strong></span> <span class='ocrx_word' id='word_1_64' title='bbox 249 692 391 729; x_wconf 85' lang='lat' dir='ltr'><strong>factum</strong></span> <span class='ocrx_word' id='word_1_65' title='bbox 421 703 504 728; x_wconf 82' lang='lat' dir='ltr'><strong>esse</strong></span> <span class='ocrx_word' id='word_1_66' title='bbox 545 699 587 729; x_wconf 87' lang='lat' dir='ltr'><strong>ut</strong></span> <span class='ocrx_word' id='word_1_67' title='bbox 621 694 804 729; x_wconf 87' lang='lat' dir='ltr'><strong>nonnulla</strong></span> <span class='ocrx_word' id='word_1_68' title='bbox 841 695 978 730; x_wconf 88' lang='lat' dir='ltr'><strong>similia</strong></span> <span class='ocrx_word' id='word_1_69' title='bbox 1019 700 1058 730; x_wconf 89' lang='lat' dir='ltr'><strong>et</strong></span> <span class='ocrx_word' id='word_1_70' title='bbox 1098 694 1130 730; x_wconf 88' lang='lat' dir='ltr'><strong>si</strong></span> <span class='ocrx_word' id='word_1_71' title='bbox 1171 695 1443 730; x_wconf 88' lang='lat' dir='ltr'><strong>vocabulorum</strong></span> <span class='ocrx_word' id='word_1_72' title='bbox 1484 706 1592 730; x_wconf 85' lang='lat' dir='ltr'><strong>usum</strong></span> <span class='ocrx_word' id='word_1_73' title='bbox 1631 703 1792 744; x_wconf 87' lang='lat' dir='ltr'><strong>spectes,</strong></span> 
     </span>
     <span class='ocr_line' id='line_1_9' title="bbox 118 755 1793 811; baseline 0.001 -12"><span class='ocrx_word' id='word_1_74' title='bbox 118 755 233 799; x_wconf 73' lang='lat' dir='ltr'><strong>etiam</strong></span> <span class='ocrx_word' id='word_1_75' title='bbox 262 761 378 798; x_wconf 81' lang='lat' dir='ltr'><strong>solito</strong></span> <span class='ocrx_word' id='word_1_76' title='bbox 407 761 591 797; x_wconf 84' lang='lat' dir='ltr'><strong>similiora</strong></span> <span class='ocrx_word' id='word_1_77' title='bbox 620 761 909 810; x_wconf 83' lang='lat' dir='ltr'><strong>disputaverint.</strong></span> <span class='ocrx_word' id='word_1_78' title='bbox 963 762 1071 808; x_wconf 87' lang='lat' dir='ltr'><strong>Quae</strong></span> <span class='ocrx_word' id='word_1_79' title='bbox 1102 774 1185 798; x_wconf 90' lang='lat' dir='ltr'><strong>cum</strong></span> <span class='ocrx_word' id='word_1_80' title='bbox 1217 763 1271 799; x_wconf 86' lang='lat' dir='ltr'><strong>ita</strong></span> <span class='ocrx_word' id='word_1_81' title='bbox 1301 763 1376 799; x_wconf 89' lang='lat' dir='ltr'><strong>sint</strong></span> <span class='ocrx_word' id='word_1_82' title='bbox 1406 763 1512 811; x_wconf 91' lang='lat' dir='ltr'><strong>quod</strong></span> <span class='ocrx_word' id='word_1_83' title='bbox 1533 762 1678 799; x_wconf 83' lang='lat' dir='ltr'><strong>Seneca</strong></span> <span class='ocrx_word' id='word_1_84' title='bbox 1708 777 1793 801; x_wconf 90' lang='lat' dir='ltr'><strong>cum</strong></span> 
     </span>
     <span class='ocr_line' id='line_1_10' title="bbox 120 829 1792 879; baseline 0 -11"><span class='ocrx_word' id='word_1_85' title='bbox 120 830 280 875; x_wconf 77' lang='lat' dir='ltr'><strong>sentiat,</strong></span> <span class='ocrx_word' id='word_1_86' title='bbox 318 829 394 866; x_wconf 83' lang='lat' dir='ltr'><strong>hoc</strong></span> <span class='ocrx_word' id='word_1_87' title='bbox 432 830 585 878; x_wconf 87' lang='lat' dir='ltr'><strong>quidem</strong></span> <span class='ocrx_word' id='word_1_88' title='bbox 622 831 858 878; x_wconf 83' lang='lat' dir='ltr'><strong>intellegitur</strong></span> <span class='ocrx_word' id='word_1_89' title='bbox 896 832 960 879; x_wconf 91' lang='lat' dir='ltr'><strong>qui</strong></span> <span class='ocrx_word' id='word_1_90' title='bbox 997 831 1078 867; x_wconf 88' lang='lat' dir='ltr'><strong>fieri</strong></span> <span class='ocrx_word' id='word_1_91' title='bbox 1109 832 1276 878; x_wconf 84' lang='lat' dir='ltr'><strong>potuerit</strong></span> <span class='ocrx_word' id='word_1_92' title='bbox 1307 839 1348 867; x_wconf 87' lang='lat' dir='ltr'><strong>ut</strong></span> <span class='ocrx_word' id='word_1_93' title='bbox 1376 831 1606 868; x_wconf 82' lang='lat' dir='ltr'><strong>meditentur</strong></span> <span class='ocrx_word' id='word_1_94' title='bbox 1633 838 1792 869; x_wconf 87' lang='lat' dir='ltr'><strong>mortem</strong></span> 
     </span>
     <span class='ocr_line' id='line_1_11' title="bbox 119 887 1794 951; baseline 0.001 -15"><span class='ocrx_word' id='word_1_95' title='bbox 119 887 291 936; x_wconf 56' lang='lat' dir='ltr'><strong>homines</strong></span> <span class='ocrx_word' id='word_1_96' title='bbox 321 899 486 947; x_wconf 86' lang='lat' dir='ltr'><strong>quodam</strong></span> <span class='ocrx_word' id='word_1_97' title='bbox 516 899 630 934; x_wconf 88' lang='lat' dir='ltr'><strong>modo</strong></span> <span class='ocrx_word' id='word_1_98' title='bbox 662 905 840 946; x_wconf 84' lang='lat' dir='ltr'><strong>oportere</strong></span> <span class='ocrx_word' id='word_1_99' title='bbox 870 899 1164 943; x_wconf 82' lang='lat' dir='ltr'><strong>censuerit‚⁶⁹⁹</strong></span> <span class='ocrx_word' id='word_1_100' title='bbox 1196 904 1235 935; x_wconf 82' lang='lat' dir='ltr'><strong>et</strong></span> <span class='ocrx_word' id='word_1_101' title='bbox 1263 906 1423 936; x_wconf 88' lang='lat' dir='ltr'><strong>mortem</strong></span> <span class='ocrx_word' id='word_1_102' title='bbox 1453 899 1616 948; x_wconf 89' lang='lat' dir='ltr'><strong>quidem,</strong></span> <span class='ocrx_word' id='word_1_103' title='bbox 1650 906 1690 938; x_wconf 84' lang='lat' dir='ltr'><strong>ut</strong></span> <span class='ocrx_word' id='word_1_104' title='bbox 1718 914 1794 951; x_wconf 84' lang='lat' dir='ltr'><strong>qua</strong></span> 
     </span>
     <span class='ocr_line' id='line_1_12' title="bbox 118 964 1793 1019; baseline 0.001 -15"><span class='ocrx_word' id='word_1_105' title='bbox 118 967 204 1016; x_wconf 79' lang='lat' dir='ltr'><strong>ipsa</strong></span> <span class='ocrx_word' id='word_1_106' title='bbox 230 964 328 1003; x_wconf 80' lang='lat' dir='ltr'><strong>nihil</strong></span> <span class='ocrx_word' id='word_1_107' title='bbox 356 967 459 1003; x_wconf 82' lang='lat' dir='ltr'><strong>aliud</strong></span> <span class='ocrx_word' id='word_1_108' title='bbox 489 966 539 1002; x_wconf 90' lang='lat' dir='ltr'><strong>sit</strong></span> <span class='ocrx_word' id='word_1_109' title='bbox 570 967 673 1013; x_wconf 85' lang='lat' dir='ltr'><strong>quod</strong></span> <span class='ocrx_word' id='word_1_110' title='bbox 702 969 835 1003; x_wconf 90' lang='lat' dir='ltr'><strong>melius</strong></span> <span class='ocrx_word' id='word_1_111' title='bbox 865 979 935 1002; x_wconf 90' lang='lat' dir='ltr'><strong>nos</strong></span> <span class='ocrx_word' id='word_1_112' title='bbox 967 981 988 1002; x_wconf 87' lang='lat' dir='ltr'><strong>a</strong></span> <span class='ocrx_word' id='word_1_113' title='bbox 1017 968 1117 1003; x_wconf 89' lang='lat' dir='ltr'><strong>vitae</strong></span> <span class='ocrx_word' id='word_1_114' title='bbox 1147 968 1297 1003; x_wconf 87' lang='lat' dir='ltr'><strong>miseria</strong></span> <span class='ocrx_word' id='word_1_115' title='bbox 1326 980 1370 1003; x_wconf 89' lang='lat' dir='ltr'><strong>ac</strong></span> <span class='ocrx_word' id='word_1_116' title='bbox 1398 969 1648 1016; x_wconf 81' lang='lat' dir='ltr'><strong>perversitate</strong></span> <span class='ocrx_word' id='word_1_117' title='bbox 1673 982 1793 1019; x_wconf 84' lang='lat' dir='ltr'><strong>eaque</strong></span> 
     </span>
     <span class='ocr_line' id='line_1_13' title="bbox 118 1034 1793 1086; baseline 0.002 -15"><span class='ocrx_word' id='word_1_118' title='bbox 118 1037 224 1084; x_wconf 75' lang='lat' dir='ltr'><strong>spem</strong></span> <span class='ocrx_word' id='word_1_119' title='bbox 267 1045 316 1070; x_wconf 82' lang='lat' dir='ltr'><strong>ne</strong></span> <span class='ocrx_word' id='word_1_120' title='bbox 355 1034 471 1070; x_wconf 80' lang='lat' dir='ltr'><strong>ullam</strong></span> <span class='ocrx_word' id='word_1_121' title='bbox 514 1034 668 1082; x_wconf 88' lang='lat' dir='ltr'><strong>quidem</strong></span> <span class='ocrx_word' id='word_1_122' title='bbox 709 1035 841 1071; x_wconf 80' lang='lat' dir='ltr'><strong>salutis</strong></span> <span class='ocrx_word' id='word_1_123' title='bbox 881 1036 1088 1083; x_wconf 85' lang='lat' dir='ltr'><strong>praebente</strong></span> <span class='ocrx_word' id='word_1_124' title='bbox 1125 1036 1274 1071; x_wconf 89' lang='lat' dir='ltr'><strong>liberet.</strong></span> <span class='ocrx_word' id='word_1_125' title='bbox 1287 1035 1367 1060; x_wconf 90' lang='grc'><strong>700</strong></span> <span class='ocrx_word' id='word_1_126' title='bbox 1428 1036 1537 1072; x_wconf 86' lang='lat' dir='ltr'><strong>Talia</strong></span> <span class='ocrx_word' id='word_1_127' title='bbox 1580 1038 1793 1086; x_wconf 85' lang='lat' dir='ltr'><strong>similiaque</strong></span> 
     </span>
     <span class='ocr_line' id='line_1_14' title="bbox 117 1102 1795 1151; baseline 0.001 -11"><span class='ocrx_word' id='word_1_128' title='bbox 117 1115 195 1140; x_wconf 87' lang='lat' dir='ltr'><strong>non</strong></span> <span class='ocrx_word' id='word_1_129' title='bbox 236 1107 400 1151; x_wconf 79' lang='lat' dir='ltr'><strong>possunt</strong></span> <span class='ocrx_word' id='word_1_130' title='bbox 441 1102 633 1138; x_wconf 86' lang='lat' dir='ltr'><strong>hominem</strong></span> <span class='ocrx_word' id='word_1_131' title='bbox 676 1114 752 1138; x_wconf 88' lang='lat' dir='ltr'><strong>non</strong></span> <span class='ocrx_word' id='word_1_132' title='bbox 794 1103 984 1139; x_wconf 88' lang='lat' dir='ltr'><strong>abducere</strong></span> <span class='ocrx_word' id='word_1_133' title='bbox 1027 1114 1073 1138; x_wconf 87' lang='lat' dir='ltr'><strong>eo</strong></span> <span class='ocrx_word' id='word_1_134' title='bbox 1111 1108 1175 1138; x_wconf 91' lang='lat' dir='ltr'><strong>ut</strong></span> <span class='ocrx_word' id='word_1_135' title='bbox 1188 1103 1266 1139; x_wconf 83' lang='lat' dir='ltr'><strong>fato</strong></span> <span class='ocrx_word' id='word_1_136' title='bbox 1305 1115 1420 1139; x_wconf 87' lang='lat' dir='ltr'><strong>caeco</strong></span> <span class='ocrx_word' id='word_1_137' title='bbox 1460 1105 1619 1141; x_wconf 80' lang='lat' dir='ltr'><strong>cedere</strong></span> <span class='ocrx_word' id='word_1_138' title='bbox 1635 1106 1795 1142; x_wconf 90' lang='lat' dir='ltr'><strong>credaut</strong></span> 
     </span>
     <span class='ocr_line' id='line_1_15' title="bbox 118 1165 1791 1219; baseline 0.001 -11"><span class='ocrx_word' id='word_1_139' title='bbox 118 1165 246 1208; x_wconf 75' lang='lat' dir='ltr'><strong>omnia</strong></span> <span class='ocrx_word' id='word_1_140' title='bbox 274 1170 450 1207; x_wconf 83' lang='lat' dir='ltr'><strong>mortalia</strong></span> <span class='ocrx_word' id='word_1_141' title='bbox 480 1181 550 1205; x_wconf 85' lang='lat' dir='ltr'><strong>nec</strong></span> <span class='ocrx_word' id='word_1_142' title='bbox 581 1170 787 1219; x_wconf 87' lang='lat' dir='ltr'><strong>quidquam</strong></span> <span class='ocrx_word' id='word_1_143' title='bbox 818 1171 901 1207; x_wconf 85' lang='lat' dir='ltr'><strong>fieri</strong></span> <span class='ocrx_word' id='word_1_144' title='bbox 940 1170 1013 1205; x_wconf 89' lang='lat' dir='ltr'><strong>nisi</strong></span> <span class='ocrx_word' id='word_1_145' title='bbox 1049 1170 1156 1206; x_wconf 84' lang='lat' dir='ltr'><strong>iuxta</strong></span> <span class='ocrx_word' id='word_1_146' title='bbox 1183 1172 1415 1208; x_wconf 81' lang='lat' dir='ltr'><strong>voluntatem</strong></span> <span class='ocrx_word' id='word_1_147' title='bbox 1445 1173 1512 1208; x_wconf 79' lang='lat' dir='ltr'><strong>fati</strong></span> <span class='ocrx_word' id='word_1_148' title='bbox 1542 1173 1791 1209; x_wconf 84' lang='lat' dir='ltr'><strong>arbitrariam.</strong></span> 
     </span>
     <span class='ocr_line' id='line_1_16' title="bbox 117 1238 1791 1289; baseline 0 -12"><span class='ocrx_word' id='word_1_149' title='bbox 117 1241 176 1278; x_wconf 84' lang='lat' dir='ltr'><strong>Ea</strong></span> <span class='ocrx_word' id='word_1_150' title='bbox 202 1238 356 1289; x_wconf 81' lang='lat' dir='ltr'><strong>quidem</strong></span> <span class='ocrx_word' id='word_1_151' title='bbox 382 1250 479 1287; x_wconf 90' lang='lat' dir='ltr'><strong>quae</strong></span> <span class='ocrx_word' id='word_1_152' title='bbox 510 1239 558 1274; x_wconf 91' lang='lat' dir='ltr'><strong>de</strong></span> <span class='ocrx_word' id='word_1_153' title='bbox 587 1239 665 1275; x_wconf 81' lang='lat' dir='ltr'><strong>vita</strong></span> <span class='ocrx_word' id='word_1_154' title='bbox 694 1239 875 1286; x_wconf 87' lang='lat' dir='ltr'><strong>sapientis</strong></span> <span class='ocrx_word' id='word_1_155' title='bbox 905 1245 944 1275; x_wconf 90' lang='lat' dir='ltr'><strong>et</strong></span> <span class='ocrx_word' id='word_1_156' title='bbox 970 1240 1018 1275; x_wconf 90' lang='lat' dir='ltr'><strong>de</strong></span> <span class='ocrx_word' id='word_1_157' title='bbox 1050 1239 1178 1275; x_wconf 81' lang='lat' dir='ltr'><strong>divina</strong></span> <span class='ocrx_word' id='word_1_158' title='bbox 1217 1240 1460 1287; x_wconf 82' lang='lat' dir='ltr'><strong>providentia</strong></span> <span class='ocrx_word' id='word_1_159' title='bbox 1495 1241 1613 1285; x_wconf 86' lang='lat' dir='ltr'><strong>dixit,</strong></span> <span class='ocrx_word' id='word_1_160' title='bbox 1658 1242 1689 1277; x_wconf 90' lang='lat' dir='ltr'><strong>si</strong></span> <span class='ocrx_word' id='word_1_161' title='bbox 1726 1243 1791 1277; x_wconf 89' lang='lat' dir='ltr'><strong>mi-</strong></span> 
     </span>
     <span class='ocr_line' id='line_1_17' title="bbox 117 1307 1793 1359; baseline 0 -14"><span class='ocrx_word' id='word_1_162' title='bbox 117 1307 235 1352; x_wconf 83' lang='lat' dir='ltr'><strong>seris,</strong></span> <span class='ocrx_word' id='word_1_163' title='bbox 264 1307 370 1344; x_wconf 88' lang='lat' dir='ltr'><strong>nullo</strong></span> <span class='ocrx_word' id='word_1_164' title='bbox 397 1307 528 1343; x_wconf 87' lang='lat' dir='ltr'><strong>labore</strong></span> <span class='ocrx_word' id='word_1_165' title='bbox 557 1307 726 1344; x_wconf 82' lang='lat' dir='ltr'><strong>invenies</strong></span> <span class='ocrx_word' id='word_1_166' title='bbox 756 1319 802 1343; x_wconf 91' lang='lat' dir='ltr'><strong>eo</strong></span> <span class='ocrx_word' id='word_1_167' title='bbox 834 1308 1030 1359; x_wconf 77' lang='lat' dir='ltr'><strong>delapsum</strong></span> <span class='ocrx_word' id='word_1_168' title='bbox 1061 1319 1155 1351; x_wconf 89' lang='lat' dir='ltr'><strong>esse,</strong></span> <span class='ocrx_word' id='word_1_169' title='bbox 1188 1315 1230 1343; x_wconf 92' lang='lat' dir='ltr'><strong>ut</strong></span> <span class='ocrx_word' id='word_1_170' title='bbox 1257 1308 1316 1342; x_wconf 87' lang='lat' dir='ltr'><strong>vel</strong></span> <span class='ocrx_word' id='word_1_171' title='bbox 1346 1308 1648 1344; x_wconf 85' lang='lat' dir='ltr'><strong>molestissimam</strong></span> <span class='ocrx_word' id='word_1_172' title='bbox 1677 1311 1793 1346; x_wconf 86' lang='lat' dir='ltr'><strong>vitam</strong></span> 
     </span>
     <span class='ocr_line' id='line_1_18' title="bbox 98 1370 1790 1425; baseline 0 -12"><span class='ocrx_word' id='word_1_173' title='bbox 98 1377 302 1424; x_wconf 81' lang='lat' dir='ltr'><strong>‘coarguat</strong></span> <span class='ocrx_word' id='word_1_174' title='bbox 329 1387 400 1412; x_wconf 89' lang='lat' dir='ltr'><strong>nec</strong></span> <span class='ocrx_word' id='word_1_175' title='bbox 428 1370 504 1424; x_wconf 81' lang='lat' dir='ltr'><strong>quo</strong></span> <span class='ocrx_word' id='word_1_176' title='bbox 538 1375 734 1423; x_wconf 86' lang='lat' dir='ltr'><strong>confugiat</strong></span> <span class='ocrx_word' id='word_1_177' title='bbox 767 1376 814 1411; x_wconf 91' lang='lat' dir='ltr'><strong>ab</strong></span> <span class='ocrx_word' id='word_1_178' title='bbox 852 1376 939 1420; x_wconf 86' lang='lat' dir='ltr'><strong>illa,</strong></span> <span class='ocrx_word' id='word_1_179' title='bbox 975 1376 1051 1417; x_wconf 79' lang='lat' dir='ltr'><strong>nisi</strong></span> <span class='ocrx_word' id='word_1_180' title='bbox 1089 1382 1247 1412; x_wconf 89' lang='lat' dir='ltr'><strong>mortem</strong></span> <span class='ocrx_word' id='word_1_181' title='bbox 1282 1375 1507 1423; x_wconf 85' lang='lat' dir='ltr'><strong>ipsam‚⁷⁰¹</strong></span> <span class='ocrx_word' id='word_1_182' title='bbox 1554 1379 1790 1425; x_wconf 84' lang='lat' dir='ltr'><strong>cognoverit.</strong></span> 
     </span>
     <span class='ocr_line' id='line_1_19' title="bbox 117 1443 1792 1492; baseline 0.001 -11"><span class='ocrx_word' id='word_1_183' title='bbox 117 1444 195 1482; x_wconf 77' lang='lat' dir='ltr'><strong>Sed</strong></span> <span class='ocrx_word' id='word_1_184' title='bbox 224 1443 289 1480; x_wconf 87' lang='lat' dir='ltr'><strong>ubi</strong></span> <span class='ocrx_word' id='word_1_185' title='bbox 321 1444 428 1492; x_wconf 85' lang='lat' dir='ltr'><strong>quasi</strong></span> <span class='ocrx_word' id='word_1_186' title='bbox 457 1455 598 1479; x_wconf 85' lang='lat' dir='ltr'><strong>novum</strong></span> <span class='ocrx_word' id='word_1_187' title='bbox 628 1444 792 1479; x_wconf 84' lang='lat' dir='ltr'><strong>animum</strong></span> <span class='ocrx_word' id='word_1_188' title='bbox 820 1445 934 1480; x_wconf 88' lang='lat' dir='ltr'><strong>sumit</strong></span> <span class='ocrx_word' id='word_1_189' title='bbox 964 1444 1088 1492; x_wconf 90' lang='lat' dir='ltr'><strong>deque</strong></span> <span class='ocrx_word' id='word_1_190' title='bbox 1119 1456 1219 1480; x_wconf 87' lang='lat' dir='ltr'><strong>novo</strong></span> <span class='ocrx_word' id='word_1_191' title='bbox 1250 1445 1350 1480; x_wconf 81' lang='lat' dir='ltr'><strong>vitae</strong></span> <span class='ocrx_word' id='word_1_192' title='bbox 1386 1456 1551 1481; x_wconf 85' lang='lat' dir='ltr'><strong>amorem</strong></span> <span class='ocrx_word' id='word_1_193' title='bbox 1590 1452 1628 1481; x_wconf 89' lang='lat' dir='ltr'><strong>et</strong></span> <span class='ocrx_word' id='word_1_194' title='bbox 1664 1458 1792 1482; x_wconf 84' lang='lat' dir='ltr'><strong>curam</strong></span> 
     </span>
     <span class='ocr_line' id='line_1_20' title="bbox 116 1511 1791 1561; baseline 0.001 -13"><span class='ocrx_word' id='word_1_195' title='bbox 116 1511 287 1561; x_wconf 78' lang='lat' dir='ltr'><strong>paullum</strong></span> <span class='ocrx_word' id='word_1_196' title='bbox 323 1511 510 1559; x_wconf 84' lang='lat' dir='ltr'><strong>respirat,</strong></span> <span class='ocrx_word' id='word_1_197' title='bbox 554 1511 644 1549; x_wconf 87' lang='lat' dir='ltr'><strong>licet</strong></span> <span class='ocrx_word' id='word_1_198' title='bbox 683 1512 714 1547; x_wconf 86' lang='lat' dir='ltr'><strong>si</strong></span> <span class='ocrx_word' id='word_1_199' title='bbox 755 1513 847 1561; x_wconf 88' lang='lat' dir='ltr'><strong>qnid</strong></span> <span class='ocrx_word' id='word_1_200' title='bbox 885 1513 932 1548; x_wconf 90' lang='lat' dir='ltr'><strong>de</strong></span> <span class='ocrx_word' id='word_1_201' title='bbox 963 1512 1062 1549; x_wconf 83' lang='lat' dir='ltr'><strong>vitae</strong></span> <span class='ocrx_word' id='word_1_202' title='bbox 1091 1512 1299 1549; x_wconf 89' lang='lat' dir='ltr'><strong>solitudine</strong></span> <span class='ocrx_word' id='word_1_203' title='bbox 1329 1514 1515 1557; x_wconf 87' lang='lat' dir='ltr'><strong>senserit,</strong></span> <span class='ocrx_word' id='word_1_204' title='bbox 1556 1514 1791 1561; x_wconf 82' lang='lat' dir='ltr'><strong>respicimus,</strong></span> 
     </span>
     <span class='ocr_line' id='line_1_21' title="bbox 117 1575 1787 1630; baseline 0 -12"><span class='ocrx_word' id='word_1_205' title='bbox 117 1575 261 1618; x_wconf 74' lang='lat' dir='ltr'><strong>alienus</strong></span> <span class='ocrx_word' id='word_1_206' title='bbox 290 1579 338 1616; x_wconf 74' lang='lat' dir='ltr'><strong>ab</strong></span> <span class='ocrx_word' id='word_1_207' title='bbox 368 1577 435 1615; x_wconf 85' lang='lat' dir='ltr'><strong>illa</strong></span> <span class='ocrx_word' id='word_1_208' title='bbox 464 1580 537 1623; x_wconf 87' lang='lat' dir='ltr'><strong>sit,</strong></span> <span class='ocrx_word' id='word_1_209' title='bbox 579 1585 704 1616; x_wconf 83' lang='lat' dir='ltr'><strong>tamen</strong></span> <span class='ocrx_word' id='word_1_210' title='bbox 733 1581 765 1616; x_wconf 89' lang='lat' dir='ltr'><strong>si</strong></span> <span class='ocrx_word' id='word_1_211' title='bbox 795 1581 833 1616; x_wconf 89' lang='lat' dir='ltr'><strong>in</strong></span> <span class='ocrx_word' id='word_1_212' title='bbox 865 1581 1080 1617; x_wconf 88' lang='lat' dir='ltr'><strong>universum</strong></span> <span class='ocrx_word' id='word_1_213' title='bbox 1111 1592 1292 1629; x_wconf 87' lang='lat' dir='ltr'><strong>quaeres,</strong></span> <span class='ocrx_word' id='word_1_214' title='bbox 1331 1582 1453 1617; x_wconf 89' lang='lat' dir='ltr'><strong>minus</strong></span> <span class='ocrx_word' id='word_1_215' title='bbox 1492 1582 1694 1630; x_wconf 87' lang='lat' dir='ltr'><strong>displicere</strong></span> <span class='ocrx_word' id='word_1_216' title='bbox 1713 1583 1787 1608; x_wconf 74' lang='lat'><strong>⁷⁰²</strong></span> 
     </span>
     <span class='ocr_line' id='line_1_22' title="bbox 117 1647 1792 1698; baseline 0.001 -11"><span class='ocrx_word' id='word_1_217' title='bbox 117 1648 286 1687; x_wconf 77' lang='lat' dir='ltr'><strong>Senecae</strong></span> <span class='ocrx_word' id='word_1_218' title='bbox 314 1648 425 1684; x_wconf 86' lang='lat' dir='ltr'><strong>nobis</strong></span> <span class='ocrx_word' id='word_1_219' title='bbox 455 1647 627 1683; x_wconf 84' lang='lat' dir='ltr'><strong>videmur</strong></span> <span class='ocrx_word' id='word_1_220' title='bbox 657 1647 970 1685; x_wconf 84' lang='lat' dir='ltr'><strong>anachoretarum</strong></span> <span class='ocrx_word' id='word_1_221' title='bbox 1004 1649 1069 1697; x_wconf 90' lang='lat' dir='ltr'><strong>qui</strong></span> <span class='ocrx_word' id='word_1_222' title='bbox 1100 1649 1301 1692; x_wconf 87' lang='lat' dir='ltr'><strong>dicuntur,</strong></span> <span class='ocrx_word' id='word_1_223' title='bbox 1341 1662 1416 1698; x_wconf 86' lang='lat' dir='ltr'><strong>qua</strong></span> <span class='ocrx_word' id='word_1_224' title='bbox 1443 1651 1481 1685; x_wconf 89' lang='lat' dir='ltr'><strong>in</strong></span> <span class='ocrx_word' id='word_1_225' title='bbox 1511 1662 1553 1686; x_wconf 89' lang='lat' dir='ltr'><strong>re</strong></span> <span class='ocrx_word' id='word_1_226' title='bbox 1582 1663 1792 1688; x_wconf 87' lang='lat' dir='ltr'><strong>sermonem</strong></span> 
     </span>
     <span class='ocr_line' id='line_1_23' title="bbox 117 1712 1794 1765; baseline 0.001 -12"><span class='ocrx_word' id='word_1_227' title='bbox 117 1712 449 1754; x_wconf 69' lang='lat' dir='ltr'><strong>Antoninianum*</strong></span> <span class='ocrx_word' id='word_1_228' title='bbox 491 1727 624 1764; x_wconf 86' lang='lat' dir='ltr'><strong>sapere</strong></span> <span class='ocrx_word' id='word_1_229' title='bbox 656 1714 874 1760; x_wconf 82' lang='lat' dir='ltr'><strong>videamur,</strong></span> <span class='ocrx_word' id='word_1_230' title='bbox 918 1715 1070 1751; x_wconf 81' lang='lat' dir='ltr'><strong>vivendi</strong></span> <span class='ocrx_word' id='word_1_231' title='bbox 1107 1727 1273 1759; x_wconf 86' lang='lat' dir='ltr'><strong>morem,</strong></span> <span class='ocrx_word' id='word_1_232' title='bbox 1317 1729 1428 1764; x_wconf 89' lang='lat' dir='ltr'><strong>quam</strong></span> <span class='ocrx_word' id='word_1_233' title='bbox 1467 1718 1620 1765; x_wconf 85' lang='lat' dir='ltr'><strong>placere</strong></span> <span class='ocrx_word' id='word_1_234' title='bbox 1639 1718 1715 1743; x_wconf 78' lang='lat'><strong>⁷⁰³</strong></span> <span class='ocrx_word' id='word_1_235' title='bbox 1755 1725 1794 1755; x_wconf 87' lang='lat' dir='ltr'><strong>et</strong></span> 
     </span>
     <span class='ocr_line' id='line_1_24' title="bbox 117 1783 1790 1834; baseline 0.001 -13"><span class='ocrx_word' id='word_1_236' title='bbox 117 1785 217 1822; x_wconf 74' lang='lat' dir='ltr'><strong>vitae</strong></span> <span class='ocrx_word' id='word_1_237' title='bbox 255 1784 476 1821; x_wconf 81' lang='lat' dir='ltr'><strong>societatem</strong></span> <span class='ocrx_word' id='word_1_238' title='bbox 513 1784 748 1831; x_wconf 89' lang='lat' dir='ltr'><strong>eandemque</strong></span> <span class='ocrx_word' id='word_1_239' title='bbox 784 1783 888 1820; x_wconf 90' lang='lat' dir='ltr'><strong>illam</strong></span> <span class='ocrx_word' id='word_1_240' title='bbox 917 1784 1104 1820; x_wconf 82' lang='lat' dir='ltr'><strong>rationem</strong></span> <span class='ocrx_word' id='word_1_241' title='bbox 1132 1785 1233 1820; x_wconf 88' lang='lat' dir='ltr'><strong>inter</strong></span> <span class='ocrx_word' id='word_1_242' title='bbox 1262 1784 1432 1832; x_wconf 88' lang='lat' dir='ltr'><strong>singulos</strong></span> <span class='ocrx_word' id='word_1_243' title='bbox 1459 1785 1630 1822; x_wconf 87' lang='lat' dir='ltr'><strong>homines</strong></span> <span class='ocrx_word' id='word_1_244' title='bbox 1660 1792 1699 1823; x_wconf 89' lang='lat' dir='ltr'><strong>et</strong></span> <span class='ocrx_word' id='word_1_245' title='bbox 1727 1799 1790 1834; x_wconf 89' lang='lat' dir='ltr'><strong>ge-</strong></span> 
     </span>
     <span class='ocr_line' id='line_1_25' title="bbox 80 1851 1792 1902; baseline -0.001 -12"><span class='ocrx_word' id='word_1_246' title='bbox 80 1875 83 1877; x_wconf 61' lang='lat'>&gt;</span> <span class='ocrx_word' id='word_1_247' title='bbox 116 1852 218 1890; x_wconf 84' lang='lat' dir='ltr'><strong>neris</strong></span> <span class='ocrx_word' id='word_1_248' title='bbox 247 1852 469 1889; x_wconf 83' lang='lat' dir='ltr'><strong>societatem</strong></span> <span class='ocrx_word' id='word_1_249' title='bbox 499 1851 796 1888; x_wconf 87' lang='lat' dir='ltr'><strong>intercedentem</strong></span> <span class='ocrx_word' id='word_1_250' title='bbox 826 1859 868 1902; x_wconf 73' lang='lat' dir='ltr'><strong>ut</strong></span> <span class='ocrx_word' id='word_1_251' title='bbox 891 1863 987 1900; x_wconf 89' lang='lat' dir='ltr'><strong>quae</strong></span> <span class='ocrx_word' id='word_1_252' title='bbox 1016 1851 1114 1888; x_wconf 85' lang='lat' dir='ltr'><strong>ratio</strong></span> <span class='ocrx_word' id='word_1_253' title='bbox 1144 1853 1182 1887; x_wconf 90' lang='lat' dir='ltr'><strong>in</strong></span> <span class='ocrx_word' id='word_1_254' title='bbox 1214 1852 1280 1888; x_wconf 87' lang='lat' dir='ltr'><strong>illa</strong></span> <span class='ocrx_word' id='word_1_255' title='bbox 1300 1852 1400 1888; x_wconf 88' lang='lat' dir='ltr'><strong>vitae</strong></span> <span class='ocrx_word' id='word_1_256' title='bbox 1427 1854 1609 1890; x_wconf 87' lang='lat' dir='ltr'><strong>societate</strong></span> <span class='ocrx_word' id='word_1_257' title='bbox 1636 1855 1792 1891; x_wconf 83' lang='lat' dir='ltr'><strong>fundata</strong></span> 
     </span>
     <span class='ocr_line' id='line_1_26' title="bbox 117 1918 1790 1970; baseline 0 -12"><span class='ocrx_word' id='word_1_258' title='bbox 117 1921 195 1970; x_wconf 27' lang='lat' dir='ltr'><strong>sit..</strong></span> <span class='ocrx_word' id='word_1_259' title='bbox 239 1918 364 1967; x_wconf 75' lang='lat' dir='ltr'><strong>Quam</strong></span> <span class='ocrx_word' id='word_1_260' title='bbox 393 1919 441 1954; x_wconf 90' lang='lat' dir='ltr'><strong>ab</strong></span> <span class='ocrx_word' id='word_1_261' title='bbox 472 1930 646 1955; x_wconf 82' lang='lat' dir='ltr'><strong>caussam</strong></span> <span class='ocrx_word' id='word_1_262' title='bbox 674 1920 753 1955; x_wconf 91' lang='lat' dir='ltr'><strong>noli</strong></span> <span class='ocrx_word' id='word_1_263' title='bbox 780 1919 907 1955; x_wconf 85' lang='lat' dir='ltr'><strong>mirari</strong></span> <span class='ocrx_word' id='word_1_264' title='bbox 937 1919 969 1954; x_wconf 81' lang='lat' dir='ltr'><strong>si</strong></span> <span class='ocrx_word' id='word_1_265' title='bbox 998 1918 1143 1955; x_wconf 88' lang='lat' dir='ltr'><strong>homini</strong></span> <span class='ocrx_word' id='word_1_266' title='bbox 1171 1920 1379 1968; x_wconf 88' lang='lat' dir='ltr'><strong>sapientiae</strong></span> <span class='ocrx_word' id='word_1_267' title='bbox 1409 1921 1582 1957; x_wconf 86' lang='lat' dir='ltr'><strong>studioso</strong></span> <span class='ocrx_word' id='word_1_268' title='bbox 1613 1922 1708 1958; x_wconf 88' lang='lat' dir='ltr'><strong>nihil</strong></span> <span class='ocrx_word' id='word_1_269' title='bbox 1734 1935 1790 1958; x_wconf 90' lang='lat' dir='ltr'><strong>re-</strong></span> 
     </span>
     <span class='ocr_line' id='line_1_27' title="bbox 115 1981 1790 2040; baseline 0.001 -15"><span class='ocrx_word' id='word_1_270' title='bbox 115 1985 212 2040; x_wconf 82' lang='lat' dir='ltr'><strong>liqui</strong></span> <span class='ocrx_word' id='word_1_271' title='bbox 239 1988 354 2032; x_wconf 80' lang='lat' dir='ltr'><strong>fecit,</strong></span> <span class='ocrx_word' id='word_1_272' title='bbox 383 1987 456 2024; x_wconf 85' lang='lat' dir='ltr'><strong>nisi</strong></span> <span class='ocrx_word' id='word_1_273' title='bbox 487 1989 591 2036; x_wconf 91' lang='lat' dir='ltr'><strong>quod</strong></span> <span class='ocrx_word' id='word_1_274' title='bbox 617 1987 655 2022; x_wconf 92' lang='lat' dir='ltr'><strong>in</strong></span> <span class='ocrx_word' id='word_1_275' title='bbox 689 1988 814 2023; x_wconf 86' lang='lat' dir='ltr'><strong>animo</strong></span> <span class='ocrx_word' id='word_1_276' title='bbox 844 1999 913 2023; x_wconf 88' lang='lat' dir='ltr'><strong>suo</strong></span> <span class='ocrx_word' id='word_1_277' title='bbox 945 1994 1118 2025; x_wconf 86' lang='lat' dir='ltr'><strong>versatur</strong></span> <span class='ocrx_word' id='word_1_278' title='bbox 1135 1981 1214 2015; x_wconf 73' lang='grc'><strong>704</strong></span> <span class='ocrx_word' id='word_1_279' title='bbox 1247 1994 1286 2025; x_wconf 86' lang='lat' dir='ltr'><strong>et</strong></span> <span class='ocrx_word' id='word_1_280' title='bbox 1312 1989 1425 2025; x_wconf 88' lang='lat' dir='ltr'><strong>rebus</strong></span> <span class='ocrx_word' id='word_1_281' title='bbox 1457 1990 1593 2026; x_wconf 79' lang='lat' dir='ltr'><strong>divinis</strong></span> <span class='ocrx_word' id='word_1_282' title='bbox 1625 1997 1790 2028; x_wconf 14' lang='lat' dir='ltr'><strong>contem..</strong></span> 
     </span>
     <span class='ocr_line' id='line_1_28' title="bbox 115 2055 1793 2105; baseline 0.001 -11"><span class='ocrx_word' id='word_1_283' title='bbox 115 2057 267 2105; x_wconf 76' lang='lat' dir='ltr'><strong>plaudis</strong></span> <span class='ocrx_word' id='word_1_284' title='bbox 300 2055 604 2104; x_wconf 85' lang='lat' dir='ltr'><strong>meditandisque</strong></span> <span class='ocrx_word' id='word_1_285' title='bbox 642 2067 796 2104; x_wconf 87' lang='lat' dir='ltr'><strong>operam</strong></span> <span class='ocrx_word' id='word_1_286' title='bbox 836 2061 960 2091; x_wconf 88' lang='lat' dir='ltr'><strong>navat.</strong></span> <span class='ocrx_word' id='word_1_287' title='bbox 977 2056 1054 2080; x_wconf 84' lang='lat'><strong>⁷⁰⁵</strong></span> <span class='ocrx_word' id='word_1_288' title='bbox 1121 2057 1246 2102; x_wconf 81' lang='lat' dir='ltr'><strong>Tunc,</strong></span> <span class='ocrx_word' id='word_1_289' title='bbox 1289 2058 1412 2105; x_wconf 87' lang='lat' dir='ltr'><strong>inquit</strong></span> <span class='ocrx_word' id='word_1_290' title='bbox 1428 2086 1438 2101; x_wconf 89' lang='lat'>,</span> <span class='ocrx_word' id='word_1_291' title='bbox 1478 2060 1626 2096; x_wconf 78' lang='lat' dir='ltr'><strong>animus</strong></span> <span class='ocrx_word' id='word_1_292' title='bbox 1667 2066 1793 2096; x_wconf 78' lang='lat' dir='ltr'><strong>noster</strong></span> 
     </span>
     <span class='ocr_line' id='line_1_29' title="bbox 116 2124 1792 2175; baseline 0.002 -13"><span class='ocrx_word' id='word_1_293' title='bbox 116 2124 265 2162; x_wconf 68' lang='lat' dir='ltr'><strong>babebit</strong></span> <span class='ocrx_word' id='word_1_294' title='bbox 281 2153 292 2170; x_wconf 92' lang='lat'><strong>,</strong></span> <span class='ocrx_word' id='word_1_295' title='bbox 333 2127 434 2173; x_wconf 79' lang='lat' dir='ltr'><strong>quod</strong></span> <span class='ocrx_word' id='word_1_296' title='bbox 461 2124 676 2173; x_wconf 75' lang='lat' dir='ltr'><strong>yrutuletur</strong></span> <span class='ocrx_word' id='word_1_297' title='bbox 702 2124 796 2168; x_wconf 52' lang='lat' dir='ltr'><strong>seht,</strong></span> <span class='ocrx_word' id='word_1_298' title='bbox 833 2137 917 2161; x_wconf 74' lang='lat' dir='ltr'><strong>eum</strong></span> <span class='ocrx_word' id='word_1_299' title='bbox 955 2125 1109 2162; x_wconf 81' lang='lat' dir='ltr'><strong>emissus</strong></span> <span class='ocrx_word' id='word_1_300' title='bbox 1138 2126 1194 2162; x_wconf 74' lang='lat' dir='ltr'><strong>his</strong></span> <span class='ocrx_word' id='word_1_301' title='bbox 1222 2126 1382 2162; x_wconf 80' lang='lat' dir='ltr'><strong>tenebris</strong></span> <span class='ocrx_word' id='word_1_302' title='bbox 1414 2127 1455 2162; x_wconf 78' lang='lat' dir='ltr'><strong>in</strong></span> <span class='ocrx_word' id='word_1_303' title='bbox 1484 2128 1616 2175; x_wconf 80' lang='lat' dir='ltr'><strong>quibus</strong></span> <span class='ocrx_word' id='word_1_304' title='bbox 1642 2129 1792 2165; x_wconf 81' lang='lat' dir='ltr'><strong>voluta-</strong></span> 
     </span>
     <span class='ocr_line' id='line_1_30' title="bbox 115 2192 1793 2239; baseline 0.002 -9"><span class='ocrx_word' id='word_1_305' title='bbox 115 2198 178 2230; x_wconf 74' lang='lat' dir='ltr'><strong>tur</strong></span> <span class='ocrx_word' id='word_1_306' title='bbox 192 2221 205 2238; x_wconf 91' lang='lat'>,</span> <span class='ocrx_word' id='word_1_307' title='bbox 243 2204 321 2230; x_wconf 74' lang='lat' dir='ltr'><strong>aon</strong></span> <span class='ocrx_word' id='word_1_308' title='bbox 349 2192 452 2229; x_wconf 76' lang='lat' dir='ltr'><strong>tenui</strong></span> <span class='ocrx_word' id='word_1_309' title='bbox 480 2193 562 2228; x_wconf 76' lang='lat' dir='ltr'><strong>visu</strong></span> <span class='ocrx_word' id='word_1_310' title='bbox 591 2192 700 2228; x_wconf 83' lang='lat' dir='ltr'><strong>clara</strong></span> <span class='ocrx_word' id='word_1_311' title='bbox 726 2193 965 2239; x_wconf 65' lang='lat' dir='ltr'><strong>prospe-merie</strong></span> <span class='ocrx_word' id='word_1_312' title='bbox 979 2221 990 2238; x_wconf 91' lang='lat'>,</span> <span class='ocrx_word' id='word_1_313' title='bbox 1033 2195 1101 2230; x_wconf 80' lang='lat' dir='ltr'><strong>sed</strong></span> <span class='ocrx_word' id='word_1_314' title='bbox 1127 2200 1244 2231; x_wconf 75' lang='lat' dir='ltr'><strong>totum</strong></span> <span class='ocrx_word' id='word_1_315' title='bbox 1273 2195 1371 2230; x_wconf 77' lang='lat' dir='ltr'><strong>diem</strong></span> <span class='ocrx_word' id='word_1_316' title='bbox 1402 2196 1597 2232; x_wconf 72' lang='lat' dir='ltr'><strong>admiserit</strong></span> <span class='ocrx_word' id='word_1_317' title='bbox 1627 2203 1661 2233; x_wconf 84' lang='lat' dir='ltr'><strong>e!</strong></span> <span class='ocrx_word' id='word_1_318' title='bbox 1690 2198 1793 2234; x_wconf 79' lang='lat' dir='ltr'><strong>coelo</strong></span> 
     </span>
     <span class='ocr_line' id='line_1_31' title="bbox 116 2259 1792 2310; baseline 0.002 -12"><span class='ocrx_word' id='word_1_319' title='bbox 116 2261 288 2299; x_wconf 71' lang='lat' dir='ltr'><strong>redditus</strong></span> <span class='ocrx_word' id='word_1_320' title='bbox 314 2273 382 2298; x_wconf 74' lang='lat' dir='ltr'><strong>suo</strong></span> <span class='ocrx_word' id='word_1_321' title='bbox 410 2259 528 2306; x_wconf 76' lang='lat' dir='ltr'><strong>fuerit</strong></span> <span class='ocrx_word' id='word_1_322' title='bbox 542 2289 554 2306; x_wconf 93' lang='lat'>,</span> <span class='ocrx_word' id='word_1_323' title='bbox 600 2272 683 2297; x_wconf 80' lang='lat' dir='ltr'><strong>cum</strong></span> <span class='ocrx_word' id='word_1_324' title='bbox 713 2261 895 2307; x_wconf 56' lang='lat' dir='ltr'><strong>receperit</strong></span> <span class='ocrx_word' id='word_1_325' title='bbox 926 2262 1046 2298; x_wconf 81' lang='lat' dir='ltr'><strong>locum</strong></span> <span class='ocrx_word' id='word_1_326' title='bbox 1079 2273 1186 2310; x_wconf 79' lang='lat' dir='ltr'><strong>quem</strong></span> <span class='ocrx_word' id='word_1_327' title='bbox 1224 2264 1424 2309; x_wconf 77' lang='lat' dir='ltr'><strong>occupavit</strong></span> <span class='ocrx_word' id='word_1_328' title='bbox 1459 2270 1560 2301; x_wconf 66' lang='lat' dir='ltr'><strong>sor-Ie</strong></span> <span class='ocrx_word' id='word_1_329' title='bbox 1600 2267 1792 2302; x_wconf 76' lang='lat' dir='ltr'><strong>nascendi.</strong></span> 
     </span>
     <span class='ocr_line' id='line_1_32' title="bbox 107 2328 1794 2392; baseline 0.003 -25"><span class='ocrx_word' id='word_1_330' title='bbox 107 2331 275 2368; x_wconf 70' lang='lat' dir='ltr'><strong>&#39;Sursum</strong></span> <span class='ocrx_word' id='word_1_331' title='bbox 311 2328 417 2366; x_wconf 76' lang='lat' dir='ltr'><strong>illum</strong></span> <span class='ocrx_word' id='word_1_332' title='bbox 455 2334 594 2366; x_wconf 75' lang='lat' dir='ltr'><strong>vocant</strong></span> <span class='ocrx_word' id='word_1_333' title='bbox 632 2328 742 2364; x_wconf 74' lang='lat' dir='ltr'><strong>initia</strong></span> <span class='ocrx_word' id='word_1_334' title='bbox 780 2339 862 2364; x_wconf 75' lang='lat' dir='ltr'><strong>sua.</strong></span> <span class='ocrx_word' id='word_1_335' title='bbox 922 2328 1006 2365; x_wconf 75' lang='lat' dir='ltr'><strong>Erit</strong></span> <span class='ocrx_word' id='word_1_336' title='bbox 1041 2334 1165 2366; x_wconf 78' lang='lat' dir='ltr'><strong>autem</strong></span> <span class='ocrx_word' id='word_1_337' title='bbox 1203 2329 1282 2367; x_wconf 72' lang='lat' dir='ltr'><strong>illic</strong></span> <span class='ocrx_word' id='word_1_338' title='bbox 1324 2332 1436 2368; x_wconf 76' lang='lat' dir='ltr'><strong>etiam</strong></span> <span class='ocrx_word' id='word_1_339' title='bbox 1479 2339 1679 2392; x_wconf 58' lang='lat' dir='ltr'><strong>aateqyam</strong></span> <span class='ocrx_word' id='word_1_340' title='bbox 1722 2335 1794 2372; x_wconf 65' lang='lat' dir='ltr'><strong>hac</strong></span> 
     </span>
    </p>
   </div>
   <div class='ocr_carea' id='block_1_3' title="bbox 114 2483 1793 2867">
    <p class='ocr_par' dir='ltr' id='par_1_3' title="bbox 114 2483 1793 2867">
     <span class='ocr_line' id='line_1_33' title="bbox 163 2483 1793 2532; baseline 0.001 -14"><span class='ocrx_word' id='word_1_341' title='bbox 163 2485 230 2518; x_wconf 83' lang='grc'><strong>698</strong></span> <span class='ocrx_word' id='word_1_342' title='bbox 254 2483 465 2527; x_wconf 59' lang='lat' dir='ltr'><strong>sapen-ime</strong></span> <span class='ocrx_word' id='word_1_343' title='bbox 514 2487 632 2515; x_wconf 86' lang='lat' dir='ltr'><strong>autem</strong></span> <span class='ocrx_word' id='word_1_344' title='bbox 680 2484 830 2524; x_wconf 85' lang='lat' dir='ltr'><strong>scriptus</strong></span> <span class='ocrx_word' id='word_1_345' title='bbox 876 2483 911 2514; x_wconf 88' lang='lat' dir='ltr'><strong>in</strong></span> <span class='ocrx_word' id='word_1_346' title='bbox 1050 2484 1117 2517; x_wconf 85' lang='lat'><strong>699</strong></span> <span class='ocrx_word' id='word_1_347' title='bbox 1141 2483 1218 2517; x_wconf 85' lang='lat' dir='ltr'><strong>NN.</strong></span> <span class='ocrx_word' id='word_1_348' title='bbox 1258 2485 1336 2526; x_wconf 89' lang='lat' dir='ltr'><strong>QQ.</strong></span> <span class='ocrx_word' id='word_1_349' title='bbox 1374 2487 1406 2519; x_wconf 90' lang='lat'><strong>11</strong></span> <span class='ocrx_word' id='word_1_350' title='bbox 1442 2488 1486 2520; x_wconf 84' lang='lat'><strong>59</strong></span> <span class='ocrx_word' id='word_1_351' title='bbox 1526 2492 1562 2520; x_wconf 87' lang='lat' dir='ltr'><strong>et</strong></span> <span class='ocrx_word' id='word_1_352' title='bbox 1596 2488 1649 2521; x_wconf 80' lang='lat'><strong>111</strong></span> <span class='ocrx_word' id='word_1_353' title='bbox 1683 2490 1793 2532; x_wconf 84' lang='lat' dir='ltr'><strong>praef.</strong></span> 
     </span>
     <span class='ocr_line' id='line_1_34' title="bbox 116 2539 1416 2583; baseline 0.001 -9"><span class='ocrx_word' id='word_1_354' title='bbox 116 2550 194 2574; x_wconf 80' lang='lat' dir='ltr'><strong>eam</strong></span> <span class='ocrx_word' id='word_1_355' title='bbox 230 2541 440 2574; x_wconf 83' lang='lat' dir='ltr'><strong>seutentiam</strong></span> <span class='ocrx_word' id='word_1_356' title='bbox 476 2540 532 2572; x_wconf 87' lang='lat' dir='ltr'><strong>hic</strong></span> <span class='ocrx_word' id='word_1_357' title='bbox 569 2539 657 2572; x_wconf 89' lang='lat' dir='ltr'><strong>liber</strong></span> <span class='ocrx_word' id='word_1_358' title='bbox 695 2544 763 2573; x_wconf 86' lang='lat' dir='ltr'><strong>est:</strong></span> <span class='ocrx_word' id='word_1_359' title='bbox 812 2539 913 2573; x_wconf 84' lang='lat' dir='ltr'><strong>Saint</strong></span> <span class='ocrx_word' id='word_1_360' title='bbox 1004 2541 1095 2583; x_wconf 84' lang='lat' dir='ltr'><strong>Epp.</strong></span> <span class='ocrx_word' id='word_1_361' title='bbox 1119 2542 1174 2575; x_wconf 85' lang='grc'><strong>30.</strong></span> <span class='ocrx_word' id='word_1_362' title='bbox 1203 2543 1245 2574; x_wconf 91' lang='grc'><strong>70</strong></span> <span class='ocrx_word' id='word_1_363' title='bbox 1269 2553 1313 2574; x_wconf 80' lang='grc' dir='ltr'><strong>ιιι.</strong></span> <span class='ocrx_word' id='word_1_364' title='bbox 1341 2544 1416 2575; x_wconf 81' lang='lat'><strong>114.</strong></span> 
     </span>
     <span class='ocr_line' id='line_1_35' title="bbox 116 2589 1288 2640; baseline -0.001 -9"><span class='ocrx_word' id='word_1_365' title='bbox 116 2589 206 2631; x_wconf 72' lang='lat' dir='ltr'><strong>P&#39;aul</strong></span> <span class='ocrx_word' id='word_1_366' title='bbox 232 2601 268 2630; x_wconf 83' lang='lat' dir='ltr'><strong>et</strong></span> <span class='ocrx_word' id='word_1_367' title='bbox 289 2594 466 2640; x_wconf 65' lang='lat' dir='ltr'><strong>seneque.</strong></span> <span class='ocrx_word' id='word_1_368' title='bbox 512 2596 736 2631; x_wconf 85' lang='lat' dir='ltr'><strong>Becherches</strong></span> <span class='ocrx_word' id='word_1_369' title='bbox 768 2605 828 2629; x_wconf 86' lang='lat' dir='ltr'><strong>sur</strong></span> <span class='ocrx_word' id='word_1_370' title='bbox 860 2597 912 2629; x_wconf 88' lang='lat' dir='ltr'><strong>les</strong></span> <span class='ocrx_word' id='word_1_371' title='bbox 1051 2599 1118 2631; x_wconf 88' lang='grc'><strong>700</strong></span> <span class='ocrx_word' id='word_1_372' title='bbox 1142 2599 1207 2640; x_wconf 84' lang='lat' dir='ltr'><strong>Ep.</strong></span> <span class='ocrx_word' id='word_1_373' title='bbox 1234 2600 1288 2632; x_wconf 84' lang='lat'><strong>24.</strong></span> 
     </span>
     <span class='ocr_line' id='line_1_36' title="bbox 114 2652 1596 2698; baseline 0.003 -12"><span class='ocrx_word' id='word_1_374' title='bbox 114 2654 282 2696; x_wconf 80' lang='lat' dir='ltr'><strong>&#39;rapports</strong></span> <span class='ocrx_word' id='word_1_375' title='bbox 313 2654 360 2686; x_wconf 87' lang='lat' dir='ltr'><strong>du</strong></span> <span class='ocrx_word' id='word_1_376' title='bbox 391 2653 602 2696; x_wconf 83' lang='lat' dir='ltr'><strong>philosophe</strong></span> <span class='ocrx_word' id='word_1_377' title='bbox 635 2663 722 2686; x_wconf 86' lang='lat' dir='ltr'><strong>avec</strong></span> <span class='ocrx_word' id='word_1_378' title='bbox 747 2652 912 2695; x_wconf 72' lang='lat' dir='ltr'><strong>l’Apotre</strong></span> <span class='ocrx_word' id='word_1_379' title='bbox 1051 2655 1114 2687; x_wconf 89' lang='grc'><strong>701</strong></span> <span class='ocrx_word' id='word_1_380' title='bbox 1143 2655 1299 2698; x_wconf 88' lang='lat' dir='ltr'><strong>CPolyb.</strong></span> <span class='ocrx_word' id='word_1_381' title='bbox 1326 2657 1380 2688; x_wconf 84' lang='lat'><strong>28.</strong></span> <span class='ocrx_word' id='word_1_382' title='bbox 1428 2656 1494 2698; x_wconf 82' lang='lat' dir='ltr'><strong>Ep.</strong></span> <span class='ocrx_word' id='word_1_383' title='bbox 1522 2658 1596 2691; x_wconf 76' lang='lat'><strong>102.</strong></span> 
     </span>
     <span class='ocr_line' id='line_1_37' title="bbox 117 2710 1556 2759; baseline 0.002 -16"><span class='ocrx_word' id='word_1_384' title='bbox 117 2716 152 2743; x_wconf 86' lang='lat' dir='ltr'><strong>et</strong></span> <span class='ocrx_word' id='word_1_385' title='bbox 174 2720 251 2759; x_wconf 53' lang='lat' dir='ltr'><strong>‚sur</strong></span> <span class='ocrx_word' id='word_1_386' title='bbox 290 2710 520 2759; x_wconf 70' lang='lat' dir='ltr'><strong>l&#39;iniiltration</strong></span> <span class='ocrx_word' id='word_1_387' title='bbox 563 2710 608 2742; x_wconf 89' lang='lat' dir='ltr'><strong>du</strong></span> <span class='ocrx_word' id='word_1_388' title='bbox 647 2710 911 2743; x_wconf 80' lang='lat' dir='ltr'><strong>Christianisme</strong></span> <span class='ocrx_word' id='word_1_389' title='bbox 1051 2713 1116 2744; x_wconf 77' lang='lat'><strong>702</strong></span> <span class='ocrx_word' id='word_1_390' title='bbox 1141 2713 1231 2754; x_wconf 87' lang='lat' dir='ltr'><strong>Epp.</strong></span> <span class='ocrx_word' id='word_1_391' title='bbox 1259 2713 1301 2745; x_wconf 88' lang='grc'><strong>25</strong></span> <span class='ocrx_word' id='word_1_392' title='bbox 1327 2723 1383 2744; x_wconf 84' lang='lat' dir='ltr'><strong>ex.</strong></span> <span class='ocrx_word' id='word_1_393' title='bbox 1432 2715 1476 2747; x_wconf 84' lang='grc'><strong>94</strong></span> <span class='ocrx_word' id='word_1_394' title='bbox 1502 2725 1556 2746; x_wconf 88' lang='lat' dir='ltr'><strong>ex.</strong></span> 
     </span>
     <span class='ocr_line' id='line_1_38' title="bbox 116 2763 1344 2811; baseline 0.002 -11"><span class='ocrx_word' id='word_1_395' title='bbox 116 2768 275 2800; x_wconf 80' lang='lat' dir='ltr'><strong>naissaut</strong></span> <span class='ocrx_word' id='word_1_396' title='bbox 307 2763 328 2797; x_wconf 71' lang='lat' dir='ltr'><strong>a</strong></span> <span class='ocrx_word' id='word_1_397' title='bbox 360 2770 495 2799; x_wconf 79' lang='lat' dir='ltr'><strong>travers</strong></span> <span class='ocrx_word' id='word_1_398' title='bbox 519 2768 552 2799; x_wconf 90' lang='lat' dir='ltr'><strong>le</strong></span> <span class='ocrx_word' id='word_1_399' title='bbox 577 2767 786 2809; x_wconf 85' lang='lat' dir='ltr'><strong>Paganisme</strong></span> <span class='ocrx_word' id='word_1_400' title='bbox 802 2792 811 2807; x_wconf 90' lang='lat'>,</span> <span class='ocrx_word' id='word_1_401' title='bbox 849 2777 912 2809; x_wconf 86' lang='lat' dir='ltr'><strong>par</strong></span> <span class='ocrx_word' id='word_1_402' title='bbox 1051 2770 1116 2801; x_wconf 86' lang='lat'><strong>703</strong></span> <span class='ocrx_word' id='word_1_403' title='bbox 1140 2770 1206 2811; x_wconf 88' lang='lat' dir='ltr'><strong>Ep.</strong></span> <span class='ocrx_word' id='word_1_404' title='bbox 1230 2770 1274 2802; x_wconf 83' lang='lat'><strong>48</strong></span> <span class='ocrx_word' id='word_1_405' title='bbox 1300 2770 1344 2803; x_wconf 87' lang='lat' dir='ltr'><strong>in.</strong></span> 
     </span>
     <span class='ocr_line' id='line_1_39' title="bbox 118 2821 1345 2867; baseline -0.002 -8"><span class='ocrx_word' id='word_1_406' title='bbox 118 2821 278 2859; x_wconf 70' lang='lat' dir='ltr'><strong>Amedee</strong></span> <span class='ocrx_word' id='word_1_407' title='bbox 302 2824 479 2866; x_wconf 80' lang='lat' dir='ltr'><strong>Fleury.</strong></span> <span class='ocrx_word' id='word_1_408' title='bbox 517 2826 538 2856; x_wconf 86' lang='lat'>2</span> <span class='ocrx_word' id='word_1_409' title='bbox 557 2824 626 2856; x_wconf 84' lang='lat' dir='ltr'><strong>vol.</strong></span> <span class='ocrx_word' id='word_1_410' title='bbox 664 2824 774 2857; x_wconf 74' lang='lat' dir='ltr'><strong>Paris.</strong></span> <span class='ocrx_word' id='word_1_411' title='bbox 814 2824 911 2864; x_wconf 70' lang='lat'><strong>1853,</strong></span> <span class='ocrx_word' id='word_1_412' title='bbox 1052 2826 1117 2858; x_wconf 79' lang='lat'><strong>704</strong></span> <span class='ocrx_word' id='word_1_413' title='bbox 1140 2826 1206 2867; x_wconf 85' lang='lat' dir='ltr'><strong>Ep.</strong></span> <span class='ocrx_word' id='word_1_414' title='bbox 1232 2827 1274 2858; x_wconf 86' lang='grc'><strong>78</strong></span> <span class='ocrx_word' id='word_1_415' title='bbox 1299 2827 1345 2858; x_wconf 88' lang='lat' dir='ltr'><strong>in.</strong></span> 
     </span>
    </p>
   </div>
   <div class='ocr_carea' id='block_1_4' title="bbox 163 2882 1356 2946">
    <p class='ocr_par' dir='ltr' id='par_1_4' title="bbox 163 2882 1356 2946">
     <span class='ocr_line' id='line_1_40' title="bbox 163 2882 1356 2946; baseline -0.013 -10"><span class='ocrx_word' id='word_1_416' title='bbox 163 2905 225 2937; x_wconf 77' lang='lat' dir='ltr'><strong>cfr.</strong></span> <span class='ocrx_word' id='word_1_417' title='bbox 253 2905 357 2936; x_wconf 76' lang='lat' dir='ltr'><strong>etiam</strong></span> <span class='ocrx_word' id='word_1_418' title='bbox 376 2902 562 2946; x_wconf 75' lang='lat' dir='ltr'><strong>Gelpkii</strong></span> <span class='ocrx_word' id='word_1_419' title='bbox 589 2902 670 2936; x_wconf 72' lang='lat' dir='ltr'><strong>diss.</strong></span> <span class='ocrx_word' id='word_1_420' title='bbox 698 2904 740 2936; x_wconf 77' lang='lat' dir='ltr'><strong>de</strong></span> <span class='ocrx_word' id='word_1_421' title='bbox 766 2905 910 2936; x_wconf 75' lang='lat' dir='ltr'><strong>familia-</strong></span> <span class='ocrx_word' id='word_1_422' title='bbox 1051 2882 1115 2916; x_wconf 82' lang='lat'><strong>705</strong></span> <span class='ocrx_word' id='word_1_423' title='bbox 1140 2883 1206 2925; x_wconf 75' lang='grc' dir='ltr'><strong>ΕΡ·</strong></span> <span class='ocrx_word' id='word_1_424' title='bbox 1232 2884 1274 2915; x_wconf 84' lang='grc'><strong>78</strong></span> <span class='ocrx_word' id='word_1_425' title='bbox 1300 2893 1356 2916; x_wconf 82' lang='lat' dir='ltr'><strong>ex-</strong></span> 
     </span>
    </p>
   </div>
   <div class='ocr_carea' id='block_1_5' title="bbox 116 2960 1535 3003">
    <p class='ocr_par' dir='ltr' id='par_1_5' title="bbox 116 2960 1535 3003">
     <span class='ocr_line' id='line_1_41' title="bbox 116 2960 1535 3003; baseline 0.004 -9"><span class='ocrx_word' id='word_1_426' title='bbox 116 2962 219 2994; x_wconf 77' lang='lat' dir='ltr'><strong>ritate</strong></span> <span class='ocrx_word' id='word_1_427' title='bbox 244 2961 358 2996; x_wconf 69' lang='lat' dir='ltr'><strong>Paulli</strong></span> <span class='ocrx_word' id='word_1_428' title='bbox 384 2970 460 2992; x_wconf 81' lang='lat' dir='ltr'><strong>oum</strong></span> <span class='ocrx_word' id='word_1_429' title='bbox 479 2960 604 2994; x_wconf 83' lang='lat' dir='ltr'><strong>Senec.</strong></span> <span class='ocrx_word' id='word_1_430' title='bbox 625 2961 660 2993; x_wconf 81' lang='lat' dir='ltr'><strong>L.</strong></span> <span class='ocrx_word' id='word_1_431' title='bbox 679 2962 776 2995; x_wconf 87' lang='lat'><strong>1813.</strong></span> <span class='ocrx_word' id='word_1_432' title='bbox 802 2971 835 3003; x_wconf 87' lang='lat' dir='ltr'><strong>p.</strong></span> <span class='ocrx_word' id='word_1_433' title='bbox 858 2962 909 2993; x_wconf 84' lang='lat'><strong>18.</strong></span> <span class='ocrx_word' id='word_1_434' title='bbox 1039 2977 1046 2984; x_wconf 93' lang='lat'>·</span> <span class='ocrx_word' id='word_1_435' title='bbox 1069 2971 1122 3000; x_wconf 74' lang='lat' dir='ltr'><strong>cir.</strong></span> <span class='ocrx_word' id='word_1_436' title='bbox 1142 2973 1247 3000; x_wconf 63' lang='grc' dir='ltr'>Ληΐου.</span> <span class='ocrx_word' id='word_1_437' title='bbox 1268 2973 1380 2999; x_wconf 75' lang='lat' dir='ltr'><strong>Comin.</strong></span> <span class='ocrx_word' id='word_1_438' title='bbox 1400 2971 1444 2999; x_wconf 89' lang='grc' dir='ltr'>ΙΙΙΙ</span> <span class='ocrx_word' id='word_1_439' title='bbox 1462 2972 1479 2999; x_wconf 71' lang='grc'>3</span> <span class='ocrx_word' id='word_1_440' title='bbox 1498 2974 1535 3000; x_wconf 78' lang='lat' dir='ltr'><strong>in.</strong></span> 
     </span>
    </p>
   </div>
  </div>
 </body>
</html>
