<?xml version="1.0" encoding="UTF-8"?>
<!DOCTYPE html PUBLIC "-//W3C//DTD XHTML 1.0 Transitional//EN"
    "http://www.w3.org/TR/xhtml1/DTD/xhtml1-transitional.dtd">
<html xmlns="http://www.w3.org/1999/xhtml" xml:lang="en" lang="en">
 <head>
  <title>
</title>
<meta http-equiv="Content-Type" content="text/html;charset=utf-8" />
  <meta name='ocr-system' content='tesseract 3.04.00' />
  <meta name='ocr-capabilities' content='ocr_page ocr_carea ocr_par ocr_line ocrx_word'/>
</head>
<body>
  <div class='ocr_page' id='page_1' title='image "./lannaeisenecaedi00doeruoft_0115.png"; bbox 0 0 1878 3158; ppageno 0'>
   <div class='ocr_carea' id='block_1_1' title="bbox 884 130 985 196">
    <p class='ocr_par' dir='ltr' id='par_1_1' title="bbox 884 130 985 196">
     <span class='ocr_line' id='line_1_1' title="bbox 884 130 985 196; baseline -0.079 1"><span class='ocrx_word' id='word_1_1' title='bbox 884 130 985 196; x_wconf 61' lang='grc'><strong>,193</strong></span> 
     </span>
    </p>
   </div>
   <div class='ocr_carea' id='block_1_2' title="bbox 39 264 1771 1127">
    <p class='ocr_par' dir='ltr' id='par_1_2' title="bbox 39 264 1771 1120">
     <span class='ocr_line' id='line_1_2' title="bbox 101 264 1771 327; baseline -0.005 -22"><span class='ocrx_word' id='word_1_2' title='bbox 101 268 314 327; x_wconf 48' lang='lat' dir='ltr'><strong>”Wit’</strong></span> <span class='ocrx_word' id='word_1_3' title='bbox 374 268 434 304; x_wconf 77' lang='lat' dir='ltr'><strong>Ab</strong></span> <span class='ocrx_word' id='word_1_4' title='bbox 466 267 655 310; x_wconf 69' lang='lat' dir='ltr'><strong>exteriore</strong></span> <span class='ocrx_word' id='word_1_5' title='bbox 683 272 807 307; x_wconf 86' lang='lat' dir='ltr'><strong>tamen</strong></span> <span class='ocrx_word' id='word_1_6' title='bbox 837 272 945 314; x_wconf 81' lang='lat' dir='ltr'><strong>parte</strong></span> <span class='ocrx_word' id='word_1_7' title='bbox 985 265 1179 323; x_wconf 82' lang='lat' dir='ltr'><strong>hominum</strong></span> <span class='ocrx_word' id='word_1_8' title='bbox 1212 265 1296 300; x_wconf 86' lang='lat' dir='ltr'><strong>illas</strong></span> <span class='ocrx_word' id='word_1_9' title='bbox 1330 264 1500 300; x_wconf 76' lang='lat' dir='ltr'><strong>actiones</strong></span> <span class='ocrx_word' id='word_1_10' title='bbox 1536 275 1606 311; x_wconf 91' lang='lat' dir='ltr'><strong>pro</strong></span> <span class='ocrx_word' id='word_1_11' title='bbox 1645 275 1690 298; x_wconf 87' lang='lat' dir='ltr'><strong>eo</strong></span> <span class='ocrx_word' id='word_1_12' title='bbox 1728 270 1771 298; x_wconf 88' lang='lat' dir='ltr'><strong>ut</strong></span> 
     </span>
     <span class='ocr_line' id='line_1_3' title="bbox 46 315 1769 392; baseline -0.003 -20"><span class='ocrx_word' id='word_1_13' title='bbox 46 375 52 381; x_wconf 51' lang='grc'>,</span> <span class='ocrx_word' id='word_1_14' title='bbox 96 335 354 392; x_wconf 53' lang='lat' dir='ltr'><strong>mmet-int</strong></span> <span class='ocrx_word' id='word_1_15' title='bbox 380 342 420 372; x_wconf 80' lang='lat' dir='ltr'><strong>et</strong></span> <span class='ocrx_word' id='word_1_16' title='bbox 449 339 611 387; x_wconf 76' lang='lat' dir='ltr'><strong>mentem</strong></span> <span class='ocrx_word' id='word_1_17' title='bbox 638 333 839 373; x_wconf 71' lang='lat' dir='ltr'><strong>humanam</strong></span> <span class='ocrx_word' id='word_1_18' title='bbox 872 345 955 370; x_wconf 84' lang='lat' dir='ltr'><strong>esse</strong></span> <span class='ocrx_word' id='word_1_19' title='bbox 984 339 1050 370; x_wconf 88' lang='lat' dir='ltr'><strong>aut</strong></span> <span class='ocrx_word' id='word_1_20' title='bbox 1077 315 1239 391; x_wconf 69' lang='lat' dir='ltr'><strong>turpiter</strong></span> <span class='ocrx_word' id='word_1_21' title='bbox 1268 332 1343 388; x_wconf 83' lang='lat' dir='ltr'><strong>acti</strong></span> <span class='ocrx_word' id='word_1_22' title='bbox 1371 338 1439 368; x_wconf 88' lang='lat' dir='ltr'><strong>aut</strong></span> <span class='ocrx_word' id='word_1_23' title='bbox 1466 331 1617 367; x_wconf 78' lang='lat' dir='ltr'><strong>honesti</strong></span> <span class='ocrx_word' id='word_1_24' title='bbox 1641 331 1769 367; x_wconf 88' lang='lat' dir='ltr'><strong>sedem</strong></span> 
     </span>
     <span class='ocr_line' id='line_1_4' title="bbox 39 385 1769 462; baseline -0.003 -22"><span class='ocrx_word' id='word_1_25' title='bbox 39 413 47 420; x_wconf 73' lang='lat'>¹</span> <span class='ocrx_word' id='word_1_26' title='bbox 97 402 277 462; x_wconf 60' lang='grc' dir='ltr'><strong>θῇοιῆιιι,</strong></span> <span class='ocrx_word' id='word_1_27' title='bbox 308 403 545 451; x_wconf 57' lang='lat' dir='ltr'><strong>consensisse</strong></span> <span class='ocrx_word' id='word_1_28' title='bbox 575 406 775 449; x_wconf 82' lang='lat' dir='ltr'><strong>utrumque</strong></span> <span class='ocrx_word' id='word_1_29' title='bbox 805 402 993 438; x_wconf 77' lang='lat' dir='ltr'><strong>concedes</strong></span> <span class='ocrx_word' id='word_1_30' title='bbox 1024 412 1094 436; x_wconf 88' lang='lat' dir='ltr'><strong>nec</strong></span> <span class='ocrx_word' id='word_1_31' title='bbox 1125 412 1214 436; x_wconf 83' lang='lat' dir='ltr'><strong>vero</strong></span> <span class='ocrx_word' id='word_1_32' title='bbox 1246 401 1310 437; x_wconf 92' lang='lat' dir='ltr'><strong>ubi</strong></span> <span class='ocrx_word' id='word_1_33' title='bbox 1338 401 1436 437; x_wconf 85' lang='lat' dir='ltr'><strong>inter</strong></span> <span class='ocrx_word' id='word_1_34' title='bbox 1459 400 1578 435; x_wconf 89' lang='lat' dir='ltr'><strong>bonas</strong></span> <span class='ocrx_word' id='word_1_35' title='bbox 1599 385 1769 435; x_wconf 77' lang='lat' dir='ltr'><strong>actiones</strong></span> 
     </span>
     <span class='ocr_line' id='line_1_5' title="bbox 98 455 1770 530; baseline -0.004 -20.996"><span class='ocrx_word' id='word_1_36' title='bbox 98 471 371 530; x_wconf 55' lang='lat' dir='ltr'><strong>,distinguendo</strong></span> <span class='ocrx_word' id='word_1_37' title='bbox 409 481 563 518; x_wconf 71' lang='lat' dir='ltr'><strong>operam</strong></span> <span class='ocrx_word' id='word_1_38' title='bbox 597 476 749 507; x_wconf 82' lang='lat' dir='ltr'><strong>navant.</strong></span> <span class='ocrx_word' id='word_1_39' title='bbox 809 470 926 506; x_wconf 87' lang='lat' dir='ltr'><strong>Aliud</strong></span> <span class='ocrx_word' id='word_1_40' title='bbox 964 469 1063 505; x_wconf 88' lang='lat' dir='ltr'><strong>enim</strong></span> <span class='ocrx_word' id='word_1_41' title='bbox 1102 467 1211 504; x_wconf 90' lang='lat' dir='ltr'><strong>initio</strong></span> <span class='ocrx_word' id='word_1_42' title='bbox 1255 468 1506 516; x_wconf 81' lang='lat' dir='ltr'><strong>expositionis</strong></span> <span class='ocrx_word' id='word_1_43' title='bbox 1546 455 1770 516; x_wconf 82' lang='lat' dir='ltr'><strong>disciplinae</strong></span> 
     </span>
     <span class='ocr_line' id='line_1_6' title="bbox 99 520 1771 597; baseline -0.002 -22"><span class='ocrx_word' id='word_1_44' title='bbox 99 540 335 597; x_wconf 50' lang='lat' dir='ltr'><strong>Qum-¹¹52</strong></span> <span class='ocrx_word' id='word_1_45' title='bbox 374 537 481 593; x_wconf 79' lang='lat' dir='ltr'><strong>aliud</strong></span> <span class='ocrx_word' id='word_1_46' title='bbox 519 538 595 573; x_wconf 89' lang='lat' dir='ltr'><strong>iam</strong></span> <span class='ocrx_word' id='word_1_47' title='bbox 636 539 831 587; x_wconf 87' lang='lat' dir='ltr'><strong>collegunt</strong></span> <span class='ocrx_word' id='word_1_48' title='bbox 867 551 914 574; x_wconf 86' lang='lat' dir='ltr'><strong>ex</strong></span> <span class='ocrx_word' id='word_1_49' title='bbox 951 538 1006 574; x_wconf 86' lang='lat' dir='ltr'><strong>eis</strong></span> <span class='ocrx_word' id='word_1_50' title='bbox 1043 520 1140 586; x_wconf 80' lang='lat' dir='ltr'><strong>quae</strong></span> <span class='ocrx_word' id='word_1_51' title='bbox 1177 537 1225 572; x_wconf 90' lang='lat' dir='ltr'><strong>de</strong></span> <span class='ocrx_word' id='word_1_52' title='bbox 1261 536 1372 585; x_wconf 75' lang='lat' dir='ltr'><strong>bpnis</strong></span> <span class='ocrx_word' id='word_1_53' title='bbox 1410 536 1643 584; x_wconf 78' lang='lat' dir='ltr'><strong>cogitatione</strong></span> <span class='ocrx_word' id='word_1_54' title='bbox 1681 535 1771 571; x_wconf 84' lang='lat' dir='ltr'><strong>ficta</strong></span> 
     </span>
     <span class='ocr_line' id='line_1_7' title="bbox 96 604 1768 667; baseline -0.002 -23.995"><span class='ocrx_word' id='word_1_55' title='bbox 96 607 336 667; x_wconf 72' lang='lat' dir='ltr'><strong>profitentur.</strong></span> <span class='ocrx_word' id='word_1_56' title='bbox 394 606 528 654; x_wconf 88' lang='lat' dir='ltr'><strong>Itaque</strong></span> <span class='ocrx_word' id='word_1_57' title='bbox 559 605 704 642; x_wconf 81' lang='lat' dir='ltr'><strong>Seneca</strong></span> <span class='ocrx_word' id='word_1_58' title='bbox 734 612 800 642; x_wconf 88' lang='lat' dir='ltr'><strong>aut</strong></span> <span class='ocrx_word' id='word_1_59' title='bbox 828 607 1044 642; x_wconf 80' lang='lat' dir='ltr'><strong>Antoninus</strong></span> <span class='ocrx_word' id='word_1_60' title='bbox 1071 605 1136 653; x_wconf 87' lang='lat' dir='ltr'><strong>qui</strong></span> <span class='ocrx_word' id='word_1_61' title='bbox 1157 604 1320 653; x_wconf 86' lang='lat' dir='ltr'><strong>quidem</strong></span> <span class='ocrx_word' id='word_1_62' title='bbox 1357 605 1433 641; x_wconf 87' lang='lat' dir='ltr'><strong>duo</strong></span> <span class='ocrx_word' id='word_1_63' title='bbox 1472 616 1549 660; x_wconf 84' lang='lat' dir='ltr'><strong>non</strong></span> <span class='ocrx_word' id='word_1_64' title='bbox 1589 604 1638 639; x_wconf 89' lang='lat' dir='ltr'><strong>de</strong></span> <span class='ocrx_word' id='word_1_65' title='bbox 1673 604 1768 640; x_wconf 89' lang='lat' dir='ltr'><strong>eius</strong></span> 
     </span>
     <span class='ocr_line' id='line_1_8' title="bbox 97 661 1768 735; baseline -0.003 -23"><span class='ocrx_word' id='word_1_66' title='bbox 97 674 202 712; x_wconf 64' lang='lat' dir='ltr'><strong>moth</strong></span> <span class='ocrx_word' id='word_1_67' title='bbox 228 679 371 712; x_wconf 74' lang='lat' dir='ltr'><strong>tantam</strong></span> <span class='ocrx_word' id='word_1_68' title='bbox 401 674 616 711; x_wconf 81' lang='lat' dir='ltr'><strong>actionibus</strong></span> <span class='ocrx_word' id='word_1_69' title='bbox 648 686 744 722; x_wconf 88' lang='lat' dir='ltr'><strong>quae</strong></span> <span class='ocrx_word' id='word_1_70' title='bbox 774 674 983 710; x_wconf 81' lang='lat' dir='ltr'><strong>secundum</strong></span> <span class='ocrx_word' id='word_1_71' title='bbox 1010 661 1198 735; x_wconf 72' lang='lat' dir='ltr'><strong>rationein</strong></span> <span class='ocrx_word' id='word_1_72' title='bbox 1224 678 1315 717; x_wconf 89' lang='lat' dir='ltr'><strong>sunt</strong></span> <span class='ocrx_word' id='word_1_73' title='bbox 1343 693 1395 699; x_wconf 82' lang='lat'>—</span> <span class='ocrx_word' id='word_1_74' title='bbox 1428 672 1476 707; x_wconf 89' lang='lat' dir='ltr'><strong>de</strong></span> <span class='ocrx_word' id='word_1_75' title='bbox 1505 671 1666 709; x_wconf 85' lang='lat' dir='ltr'><strong>honesto</strong></span> <span class='ocrx_word' id='word_1_76' title='bbox 1705 684 1768 707; x_wconf 89' lang='lat' dir='ltr'><strong>au</strong></span> 
     </span>
     <span class='ocr_line' id='line_1_9' title="bbox 99 725 1770 792; baseline -0.003 -13"><span class='ocrx_word' id='word_1_77' title='bbox 99 749 175 780; x_wconf 81' lang='lat' dir='ltr'><strong>tem</strong></span> <span class='ocrx_word' id='word_1_78' title='bbox 204 743 377 780; x_wconf 64' lang='lat' dir='ltr'><strong>dicimur</strong></span> <span class='ocrx_word' id='word_1_79' title='bbox 396 743 501 791; x_wconf 91' lang='lat' dir='ltr'><strong>quod</strong></span> <span class='ocrx_word' id='word_1_80' title='bbox 529 743 630 779; x_wconf 88' lang='lat' dir='ltr'><strong>idem</strong></span> <span class='ocrx_word' id='word_1_81' title='bbox 661 746 775 790; x_wconf 88' lang='lat' dir='ltr'><strong>atque</strong></span> <span class='ocrx_word' id='word_1_82' title='bbox 806 739 831 791; x_wconf 87' lang='grc' dir='ltr'>ἡ</span> <span class='ocrx_word' id='word_1_83' title='bbox 861 738 1115 792; x_wconf 78' lang='grc' dir='ltr'><strong>κατόοθωσις</strong></span> <span class='ocrx_word' id='word_1_84' title='bbox 1137 761 1187 767; x_wconf 91' lang='lat'><strong>—-</strong></span> <span class='ocrx_word' id='word_1_85' title='bbox 1210 752 1341 776; x_wconf 86' lang='lat' dir='ltr'><strong>verum</strong></span> <span class='ocrx_word' id='word_1_86' title='bbox 1370 740 1484 776; x_wconf 88' lang='lat' dir='ltr'><strong>etiam</strong></span> <span class='ocrx_word' id='word_1_87' title='bbox 1511 725 1559 776; x_wconf 87' lang='lat' dir='ltr'><strong>de</strong></span> <span class='ocrx_word' id='word_1_88' title='bbox 1589 740 1642 775; x_wconf 92' lang='lat' dir='ltr'><strong>eis</strong></span> <span class='ocrx_word' id='word_1_89' title='bbox 1674 751 1770 787; x_wconf 84' lang='lat' dir='ltr'><strong>quae</strong></span> 
     </span>
     <span class='ocr_line' id='line_1_10' title="bbox 98 807 1769 869; baseline -0.004 -22"><span class='ocrx_word' id='word_1_90' title='bbox 98 811 324 869; x_wconf 69' lang='lat' dir='ltr'><strong>simpliciter</strong></span> <span class='ocrx_word' id='word_1_91' title='bbox 357 810 482 847; x_wconf 86' lang='lat' dir='ltr'><strong>bonae</strong></span> <span class='ocrx_word' id='word_1_92' title='bbox 519 815 606 846; x_wconf 86' lang='lat' dir='ltr'><strong>sunt</strong></span> <span class='ocrx_word' id='word_1_93' title='bbox 640 809 714 846; x_wconf 88' lang='lat' dir='ltr'><strong>hoc</strong></span> <span class='ocrx_word' id='word_1_94' title='bbox 750 815 808 863; x_wconf 83' lang='lat' dir='ltr'><strong>est</strong></span> <span class='ocrx_word' id='word_1_95' title='bbox 835 821 906 858; x_wconf 81' lang='lat' dir='ltr'><strong>pro</strong></span> <span class='ocrx_word' id='word_1_96' title='bbox 942 809 1137 845; x_wconf 89' lang='lat' dir='ltr'><strong>hominum</strong></span> <span class='ocrx_word' id='word_1_97' title='bbox 1165 809 1308 845; x_wconf 90' lang='lat' dir='ltr'><strong>iudicio</strong></span> <span class='ocrx_word' id='word_1_98' title='bbox 1337 808 1461 844; x_wconf 86' lang='lat' dir='ltr'><strong>bonae</strong></span> <span class='ocrx_word' id='word_1_99' title='bbox 1495 829 1543 834; x_wconf 92' lang='lat'><strong>—</strong></span> <span class='ocrx_word' id='word_1_100' title='bbox 1575 807 1650 844; x_wconf 93' lang='lat' dir='ltr'><strong>hoc</strong></span> <span class='ocrx_word' id='word_1_101' title='bbox 1681 818 1769 842; x_wconf 85' lang='lat' dir='ltr'><strong>vero</strong></span> 
     </span>
     <span class='ocr_line' id='line_1_11' title="bbox 99 875 1768 939; baseline -0.003 -24"><span class='ocrx_word' id='word_1_102' title='bbox 99 878 280 939; x_wconf 75' lang='lat' dir='ltr'><strong>decorum</strong></span> <span class='ocrx_word' id='word_1_103' title='bbox 299 884 369 924; x_wconf 83' lang='lat' dir='ltr'><strong>est</strong></span> <span class='ocrx_word' id='word_1_104' title='bbox 397 884 436 915; x_wconf 82' lang='lat' dir='ltr'><strong>et</strong></span> <span class='ocrx_word' id='word_1_105' title='bbox 462 879 563 914; x_wconf 86' lang='lat' dir='ltr'><strong>idem</strong></span> <span class='ocrx_word' id='word_1_106' title='bbox 592 890 636 914; x_wconf 85' lang='lat' dir='ltr'><strong>ac</strong></span> <span class='ocrx_word' id='word_1_107' title='bbox 672 875 719 915; x_wconf 83' lang='grc' dir='ltr'><strong>τὸ</strong></span> <span class='ocrx_word' id='word_1_108' title='bbox 760 877 951 926; x_wconf 65' lang='grc' dir='ltr'><em>καθῆκον</em></span> <span class='ocrx_word' id='word_1_109' title='bbox 979 877 1279 914; x_wconf 79' lang='lat' dir='ltr'><strong>Antoninianum</strong></span> <span class='ocrx_word' id='word_1_110' title='bbox 1306 897 1361 904; x_wconf 90' lang='lat'>—</span> <span class='ocrx_word' id='word_1_111' title='bbox 1387 876 1644 924; x_wconf 87' lang='lat' dir='ltr'><strong>scripserunt,</strong></span> <span class='ocrx_word' id='word_1_112' title='bbox 1689 875 1768 910; x_wconf 89' lang='lat' dir='ltr'><strong>ubi-</strong></span> 
     </span>
     <span class='ocr_line' id='line_1_12' title="bbox 99 933 1770 1008; baseline -0.002 -25"><span class='ocrx_word' id='word_1_113' title='bbox 99 933 252 1008; x_wconf 65' lang='lat' dir='ltr'><strong>cunque</strong></span> <span class='ocrx_word' id='word_1_114' title='bbox 279 946 444 994; x_wconf 81' lang='lat' dir='ltr'><strong>animum</strong></span> <span class='ocrx_word' id='word_1_115' title='bbox 474 946 664 995; x_wconf 72' lang='lat' dir='ltr'><strong>respicere</strong></span> <span class='ocrx_word' id='word_1_116' title='bbox 693 946 860 990; x_wconf 82' lang='lat' dir='ltr'><strong>student,</strong></span> <span class='ocrx_word' id='word_1_117' title='bbox 889 945 1037 981; x_wconf 83' lang='lat' dir='ltr'><strong>ratione</strong></span> <span class='ocrx_word' id='word_1_118' title='bbox 1067 957 1174 980; x_wconf 87' lang='lat' dir='ltr'><strong>usum</strong></span> <span class='ocrx_word' id='word_1_119' title='bbox 1208 946 1444 994; x_wconf 85' lang='lat' dir='ltr'><strong>superiorem</strong></span> <span class='ocrx_word' id='word_1_120' title='bbox 1478 956 1562 980; x_wconf 89' lang='lat' dir='ltr'><strong>esse</strong></span> <span class='ocrx_word' id='word_1_121' title='bbox 1600 944 1658 980; x_wconf 85' lang='lat' dir='ltr'><strong>vel</strong></span> <span class='ocrx_word' id='word_1_122' title='bbox 1701 955 1770 979; x_wconf 87' lang='lat' dir='ltr'><strong>usu</strong></span> 
     </span>
     <span class='ocr_line' id='line_1_13' title="bbox 97 1011 1770 1070; baseline -0.004 -18"><span class='ocrx_word' id='word_1_123' title='bbox 97 1014 298 1070; x_wconf 70' lang='grc' dir='ltr'><strong>ηιίοΠρω</strong></span> <span class='ocrx_word' id='word_1_124' title='bbox 321 1014 422 1050; x_wconf 85' lang='lat' dir='ltr'><strong>vinci</strong></span> <span class='ocrx_word' id='word_1_125' title='bbox 461 1025 536 1049; x_wconf 89' lang='lat' dir='ltr'><strong>non</strong></span> <span class='ocrx_word' id='word_1_126' title='bbox 577 1013 809 1050; x_wconf 75' lang='lat' dir='ltr'><strong>contendere</strong></span> <span class='ocrx_word' id='word_1_127' title='bbox 853 1025 929 1048; x_wconf 92' lang='lat' dir='ltr'><strong>non</strong></span> <span class='ocrx_word' id='word_1_128' title='bbox 972 1025 1187 1060; x_wconf 86' lang='lat' dir='ltr'><strong>possumus.</strong></span> <span class='ocrx_word' id='word_1_129' title='bbox 1251 1014 1410 1061; x_wconf 80' lang='lat' dir='ltr'><strong>Culpam</strong></span> <span class='ocrx_word' id='word_1_130' title='bbox 1455 1013 1619 1060; x_wconf 88' lang='lat' dir='ltr'><strong>denique</strong></span> <span class='ocrx_word' id='word_1_131' title='bbox 1663 1011 1770 1047; x_wconf 84' lang='lat' dir='ltr'><strong>cuius</strong></span> 
     </span>
     <span class='ocr_line' id='line_1_14' title="bbox 95 1066 1769 1127; baseline -0.003 -7"><span class='ocrx_word' id='word_1_132' title='bbox 95 1082 204 1120; x_wconf 67' lang='lat' dir='ltr'><strong>ratio*</strong></span> <span class='ocrx_word' id='word_1_133' title='bbox 214 1066 333 1127; x_wconf 68' lang='lat' dir='ltr'><strong>nulla</strong></span> <span class='ocrx_word' id='word_1_134' title='bbox 369 1081 408 1117; x_wconf 89' lang='lat' dir='ltr'><strong>in</strong></span> <span class='ocrx_word' id='word_1_135' title='bbox 442 1081 627 1119; x_wconf 84' lang='lat' dir='ltr'><strong>Antonini</strong></span> <span class='ocrx_word' id='word_1_136' title='bbox 665 1081 772 1117; x_wconf 81' lang='lat' dir='ltr'><strong>libris</strong></span> <span class='ocrx_word' id='word_1_137' title='bbox 809 1080 938 1116; x_wconf 88' lang='lat' dir='ltr'><strong>habita</strong></span> <span class='ocrx_word' id='word_1_138' title='bbox 974 1086 1050 1122; x_wconf 83' lang='lat' dir='ltr'><strong>est,</strong></span> <span class='ocrx_word' id='word_1_139' title='bbox 1088 1093 1110 1115; x_wconf 88' lang='lat' dir='ltr'><strong>a</strong></span> <span class='ocrx_word' id='word_1_140' title='bbox 1144 1080 1290 1117; x_wconf 78' lang='lat' dir='ltr'><strong>Seneca</strong></span> <span class='ocrx_word' id='word_1_141' title='bbox 1330 1081 1413 1117; x_wconf 92' lang='lat' dir='ltr'><strong>solo</strong></span> <span class='ocrx_word' id='word_1_142' title='bbox 1454 1080 1647 1117; x_wconf 85' lang='lat' dir='ltr'><strong>definitam</strong></span> <span class='ocrx_word' id='word_1_143' title='bbox 1687 1092 1769 1116; x_wconf 85' lang='lat' dir='ltr'><strong>esse</strong></span> 
     </span>
    </p>
   </div>
   <div class='ocr_carea' id='block_1_3' title="bbox 96 1155 257 1188">
    <p class='ocr_par' dir='ltr' id='par_1_3' title="bbox 96 1155 257 1188">
     <span class='ocr_line' id='line_1_15' title="bbox 96 1155 257 1188; baseline 0 0"><span class='ocrx_word' id='word_1_144' title='bbox 96 1155 257 1188; x_wconf 59' lang='lat' dir='ltr'><strong>outzm-</strong></span> 
     </span>
    </p>
   </div>
   <div class='ocr_carea' id='block_1_4' title="bbox 64 1284 1771 2700">
    <p class='ocr_par' dir='ltr' id='par_1_4' title="bbox 64 1284 1771 2700">
     <span class='ocr_line' id='line_1_16' title="bbox 156 1284 1767 1335; baseline -0.002 -13"><span class='ocrx_word' id='word_1_145' title='bbox 156 1291 160 1294; x_wconf 75' lang='grc'><em>’</em></span> <span class='ocrx_word' id='word_1_146' title='bbox 211 1285 360 1332; x_wconf 83' lang='lat' dir='ltr'><strong>Quibus</strong></span> <span class='ocrx_word' id='word_1_147' title='bbox 396 1285 646 1322; x_wconf 81' lang='lat' dir='ltr'><strong>consideratis</strong></span> <span class='ocrx_word' id='word_1_148' title='bbox 683 1291 915 1335; x_wconf 80' lang='lat' dir='ltr'><strong>transeamus</strong></span> <span class='ocrx_word' id='word_1_149' title='bbox 956 1286 1006 1321; x_wconf 85' lang='lat' dir='ltr'><strong>ad</strong></span> <span class='ocrx_word' id='word_1_150' title='bbox 1036 1286 1206 1320; x_wconf 82' lang='lat' dir='ltr'><strong>actiones</strong></span> <span class='ocrx_word' id='word_1_151' title='bbox 1235 1284 1349 1331; x_wconf 88' lang='lat' dir='ltr'><strong>ipsas.</strong></span> <span class='ocrx_word' id='word_1_152' title='bbox 1383 1284 1468 1319; x_wconf 85' lang='lat' dir='ltr'><strong>&#39;Ac</strong></span> <span class='ocrx_word' id='word_1_153' title='bbox 1493 1284 1656 1331; x_wconf 91' lang='lat' dir='ltr'><strong>primum</strong></span> <span class='ocrx_word' id='word_1_154' title='bbox 1687 1286 1767 1332; x_wconf 84' lang='lat' dir='ltr'><strong>qui-</strong></span> 
     </span>
     <span class='ocr_line' id='line_1_17' title="bbox 96 1352 1770 1405; baseline -0.001 -15"><span class='ocrx_word' id='word_1_155' title='bbox 96 1355 182 1400; x_wconf 73' lang='lat' dir='ltr'><strong>dem</strong></span> <span class='ocrx_word' id='word_1_156' title='bbox 217 1354 266 1405; x_wconf 81' lang='lat' dir='ltr'><strong>de</strong></span> <span class='ocrx_word' id='word_1_157' title='bbox 308 1353 712 1402; x_wconf 82' lang='lat' dir='ltr'><strong>dispositione</strong></span> <span class='ocrx_word' id='word_1_158' title='bbox 753 1353 1074 1401; x_wconf 88' lang='lat' dir='ltr'><strong>cognoscendum.</strong></span> <span class='ocrx_word' id='word_1_159' title='bbox 1139 1353 1226 1397; x_wconf 87' lang='lat' dir='ltr'><strong>Qua</strong></span> <span class='ocrx_word' id='word_1_160' title='bbox 1262 1353 1302 1387; x_wconf 89' lang='lat' dir='ltr'><strong>in</strong></span> <span class='ocrx_word' id='word_1_161' title='bbox 1339 1364 1381 1387; x_wconf 91' lang='lat' dir='ltr'><strong>re</strong></span> <span class='ocrx_word' id='word_1_162' title='bbox 1407 1352 1462 1388; x_wconf 89' lang='lat' dir='ltr'><strong>ita</strong></span> <span class='ocrx_word' id='word_1_163' title='bbox 1491 1353 1537 1388; x_wconf 86' lang='lat' dir='ltr'><strong>ab</strong></span> <span class='ocrx_word' id='word_1_164' title='bbox 1571 1364 1645 1387; x_wconf 89' lang='lat' dir='ltr'><strong>uno</strong></span> <span class='ocrx_word' id='word_1_165' title='bbox 1675 1353 1770 1388; x_wconf 88' lang='lat' dir='ltr'><strong>alter</strong></span> 
     </span>
     <span class='ocr_line' id='line_1_18' title="bbox 96 1420 1769 1468; baseline -0.003 -8"><span class='ocrx_word' id='word_1_166' title='bbox 96 1422 258 1460; x_wconf 70' lang='lat' dir='ltr'><strong>dissidet</strong></span> <span class='ocrx_word' id='word_1_167' title='bbox 294 1428 336 1458; x_wconf 85' lang='lat' dir='ltr'><strong>ut</strong></span> <span class='ocrx_word' id='word_1_168' title='bbox 364 1421 510 1458; x_wconf 79' lang='lat' dir='ltr'><strong>Seneca</strong></span> <span class='ocrx_word' id='word_1_169' title='bbox 548 1427 694 1468; x_wconf 88' lang='lat' dir='ltr'><strong>partem</strong></span> <span class='ocrx_word' id='word_1_170' title='bbox 733 1421 882 1458; x_wconf 85' lang='lat' dir='ltr'><strong>tertiam</strong></span> <span class='ocrx_word' id='word_1_171' title='bbox 918 1420 1056 1457; x_wconf 89' lang='lat' dir='ltr'><strong>habeat</strong></span> <span class='ocrx_word' id='word_1_172' title='bbox 1094 1433 1207 1468; x_wconf 86' lang='lat' dir='ltr'><strong>quam</strong></span> <span class='ocrx_word' id='word_1_173' title='bbox 1244 1420 1404 1468; x_wconf 84' lang='lat' dir='ltr'><strong>primam</strong></span> <span class='ocrx_word' id='word_1_174' title='bbox 1441 1421 1624 1468; x_wconf 82' lang='lat' dir='ltr'><strong>proponit</strong></span> <span class='ocrx_word' id='word_1_175' title='bbox 1653 1421 1769 1457; x_wconf 89' lang='lat' dir='ltr'><strong>disci-</strong></span> 
     </span>
     <span class='ocr_line' id='line_1_19' title="bbox 96 1488 1767 1540; baseline -0.003 -12"><span class='ocrx_word' id='word_1_176' title='bbox 96 1491 201 1540; x_wconf 82' lang='lat' dir='ltr'><strong>plina</strong></span> <span class='ocrx_word' id='word_1_177' title='bbox 228 1491 498 1528; x_wconf 77' lang='lat' dir='ltr'><strong>Antoniniana.</strong></span> <span class='ocrx_word' id='word_1_178' title='bbox 559 1488 636 1525; x_wconf 90' lang='lat' dir='ltr'><strong>Sed</strong></span> <span class='ocrx_word' id='word_1_179' title='bbox 680 1489 743 1525; x_wconf 86' lang='lat' dir='ltr'><strong>nbi</strong></span> <span class='ocrx_word' id='word_1_180' title='bbox 785 1490 979 1537; x_wconf 89' lang='lat' dir='ltr'><strong>quaeritur</strong></span> <span class='ocrx_word' id='word_1_181' title='bbox 1014 1502 1089 1538; x_wconf 87' lang='lat' dir='ltr'><strong>qua</strong></span> <span class='ocrx_word' id='word_1_182' title='bbox 1124 1489 1272 1525; x_wconf 80' lang='lat' dir='ltr'><strong>facilius</strong></span> <span class='ocrx_word' id='word_1_183' title='bbox 1309 1500 1354 1523; x_wconf 87' lang='lat' dir='ltr'><strong>ac</strong></span> <span class='ocrx_word' id='word_1_184' title='bbox 1390 1488 1524 1523; x_wconf 88' lang='lat' dir='ltr'><strong>melius</strong></span> <span class='ocrx_word' id='word_1_185' title='bbox 1554 1488 1609 1523; x_wconf 86' lang='lat' dir='ltr'><strong>ita</strong></span> <span class='ocrx_word' id='word_1_186' title='bbox 1639 1488 1767 1536; x_wconf 90' lang='lat' dir='ltr'><strong>dispo-</strong></span> 
     </span>
     <span class='ocr_line' id='line_1_20' title="bbox 90 1551 1769 1612; baseline -0.003 -15"><span class='ocrx_word' id='word_1_187' title='bbox 90 1565 208 1612; x_wconf 63' lang='lat' dir='ltr'><strong>natur</strong></span> <span class='ocrx_word' id='word_1_188' title='bbox 234 1559 383 1597; x_wconf 73' lang='lat' dir='ltr'><strong>ratione</strong></span> <span class='ocrx_word' id='word_1_189' title='bbox 414 1563 456 1594; x_wconf 85' lang='lat' dir='ltr'><strong>ut</strong></span> <span class='ocrx_word' id='word_1_190' title='bbox 482 1557 582 1605; x_wconf 89' lang='lat' dir='ltr'><strong>parti</strong></span> <span class='ocrx_word' id='word_1_191' title='bbox 612 1557 720 1594; x_wconf 83' lang='lat' dir='ltr'><strong>alteri</strong></span> <span class='ocrx_word' id='word_1_192' title='bbox 745 1558 858 1593; x_wconf 76' lang='lat' dir='ltr'><strong>tertia</strong></span> <span class='ocrx_word' id='word_1_193' title='bbox 886 1559 1015 1594; x_wconf 87' lang='lat' dir='ltr'><strong>iuncta</strong></span> <span class='ocrx_word' id='word_1_194' title='bbox 1053 1557 1311 1605; x_wconf 60' lang='lat' dir='ltr'><strong>existimetur,</strong></span> <span class='ocrx_word' id='word_1_195' title='bbox 1354 1556 1457 1592; x_wconf 86' lang='lat' dir='ltr'><strong>haud</strong></span> <span class='ocrx_word' id='word_1_196' title='bbox 1494 1551 1649 1592; x_wconf 85' lang='lat' dir='ltr'><strong>difficile</strong></span> <span class='ocrx_word' id='word_1_197' title='bbox 1690 1557 1769 1604; x_wconf 89' lang='lat' dir='ltr'><strong>qui-</strong></span> 
     </span>
     <span class='ocr_line' id='line_1_21' title="bbox 95 1619 1768 1673; baseline -0.004 -7"><span class='ocrx_word' id='word_1_198' title='bbox 95 1619 181 1666; x_wconf 83' lang='lat' dir='ltr'><strong>dem</strong></span> <span class='ocrx_word' id='word_1_199' title='bbox 225 1628 300 1664; x_wconf 84' lang='lat' dir='ltr'><strong>erit</strong></span> <span class='ocrx_word' id='word_1_200' title='bbox 341 1627 493 1671; x_wconf 84' lang='lat' dir='ltr'><strong>dicere,</strong></span> <span class='ocrx_word' id='word_1_201' title='bbox 535 1632 620 1663; x_wconf 83' lang='lat' dir='ltr'><strong>utra</strong></span> <span class='ocrx_word' id='word_1_202' title='bbox 659 1626 789 1673; x_wconf 83' lang='lat' dir='ltr'><strong>potior</strong></span> <span class='ocrx_word' id='word_1_203' title='bbox 829 1626 878 1661; x_wconf 89' lang='lat' dir='ltr'><strong>sit</strong></span> <span class='ocrx_word' id='word_1_204' title='bbox 915 1625 975 1661; x_wconf 88' lang='lat' dir='ltr'><strong>vel</strong></span> <span class='ocrx_word' id='word_1_205' title='bbox 1015 1625 1088 1661; x_wconf 83' lang='lat' dir='ltr'><strong>utri</strong></span> <span class='ocrx_word' id='word_1_206' title='bbox 1123 1626 1209 1672; x_wconf 89' lang='lat' dir='ltr'><strong>plus</strong></span> <span class='ocrx_word' id='word_1_207' title='bbox 1253 1625 1368 1660; x_wconf 88' lang='lat' dir='ltr'><strong>tribui</strong></span> <span class='ocrx_word' id='word_1_208' title='bbox 1409 1626 1534 1672; x_wconf 83' lang='lat' dir='ltr'><strong>possit</strong></span> <span class='ocrx_word' id='word_1_209' title='bbox 1574 1626 1768 1662; x_wconf 84' lang='lat' dir='ltr'><strong>momenti.</strong></span> 
     </span>
     <span class='ocr_line' id='line_1_22' title="bbox 96 1680 1771 1746; baseline -0.002 -13"><span class='ocrx_word' id='word_1_210' title='bbox 96 1680 259 1741; x_wconf 72' lang='lat' dir='ltr'><strong>Caussas</strong></span> <span class='ocrx_word' id='word_1_211' title='bbox 283 1693 335 1732; x_wconf 68' lang='lat' dir='ltr'><strong>&#39;ex</strong></span> <span class='ocrx_word' id='word_1_212' title='bbox 366 1696 504 1746; x_wconf 88' lang='lat' dir='ltr'><strong>quibus</strong></span> <span class='ocrx_word' id='word_1_213' title='bbox 534 1695 723 1731; x_wconf 88' lang='lat' dir='ltr'><strong>nescimus</strong></span> <span class='ocrx_word' id='word_1_214' title='bbox 760 1707 806 1729; x_wconf 91' lang='lat' dir='ltr'><strong>an</strong></span> <span class='ocrx_word' id='word_1_215' title='bbox 846 1695 986 1730; x_wconf 85' lang='lat' dir='ltr'><strong>factum</strong></span> <span class='ocrx_word' id='word_1_216' title='bbox 1027 1705 1110 1728; x_wconf 89' lang='lat' dir='ltr'><strong>esse</strong></span> <span class='ocrx_word' id='word_1_217' title='bbox 1146 1699 1322 1740; x_wconf 86' lang='lat' dir='ltr'><strong>putemus</strong></span> <span class='ocrx_word' id='word_1_218' title='bbox 1340 1721 1349 1736; x_wconf 92' lang='lat'>‚</span> <span class='ocrx_word' id='word_1_219' title='bbox 1395 1697 1437 1728; x_wconf 90' lang='lat' dir='ltr'><strong>ut</strong></span> <span class='ocrx_word' id='word_1_220' title='bbox 1478 1706 1582 1730; x_wconf 88' lang='lat' dir='ltr'><strong>suam</strong></span> <span class='ocrx_word' id='word_1_221' title='bbox 1625 1693 1771 1729; x_wconf 85' lang='lat' dir='ltr'><strong>Seneca</strong></span> 
     </span>
     <span class='ocr_line' id='line_1_23' title="bbox 94 1761 1769 1815; baseline -0.004 -13"><span class='ocrx_word' id='word_1_222' title='bbox 94 1765 364 1815; x_wconf 82' lang='lat' dir='ltr'><strong>propriamque</strong></span> <span class='ocrx_word' id='word_1_223' title='bbox 393 1765 580 1801; x_wconf 86' lang='lat' dir='ltr'><strong>rationem</strong></span> <span class='ocrx_word' id='word_1_224' title='bbox 609 1770 761 1799; x_wconf 87' lang='lat' dir='ltr'><strong>secutus</strong></span> <span class='ocrx_word' id='word_1_225' title='bbox 793 1774 871 1798; x_wconf 85' lang='lat' dir='ltr'><strong>rem</strong></span> <span class='ocrx_word' id='word_1_226' title='bbox 902 1762 1114 1809; x_wconf 87' lang='lat' dir='ltr'><strong>digesserit,</strong></span> <span class='ocrx_word' id='word_1_227' title='bbox 1146 1762 1260 1798; x_wconf 90' lang='lat' dir='ltr'><strong>modo</strong></span> <span class='ocrx_word' id='word_1_228' title='bbox 1291 1761 1426 1797; x_wconf 88' lang='lat' dir='ltr'><strong>leviter</strong></span> <span class='ocrx_word' id='word_1_229' title='bbox 1466 1762 1769 1810; x_wconf 82' lang='lat' dir='ltr'><strong>cognoverimus.</strong></span> 
     </span>
     <span class='ocr_line' id='line_1_24' title="bbox 97 1830 1770 1880; baseline -0.001 -9"><span class='ocrx_word' id='word_1_230' title='bbox 97 1833 199 1876; x_wconf 77' lang='lat' dir='ltr'><strong>haud</strong></span> <span class='ocrx_word' id='word_1_231' title='bbox 227 1834 350 1871; x_wconf 84' lang='lat' dir='ltr'><strong>minus</strong></span> <span class='ocrx_word' id='word_1_232' title='bbox 381 1831 618 1880; x_wconf 85' lang='lat' dir='ltr'><strong>probabilem</strong></span> <span class='ocrx_word' id='word_1_233' title='bbox 648 1831 760 1867; x_wconf 87' lang='lat' dir='ltr'><strong>etiam</strong></span> <span class='ocrx_word' id='word_1_234' title='bbox 799 1830 878 1865; x_wconf 85' lang='lat' dir='ltr'><strong>eius</strong></span> <span class='ocrx_word' id='word_1_235' title='bbox 915 1830 1018 1865; x_wconf 91' lang='lat' dir='ltr'><strong>modi</strong></span> <span class='ocrx_word' id='word_1_236' title='bbox 1060 1830 1245 1866; x_wconf 87' lang='lat' dir='ltr'><strong>rationem</strong></span> <span class='ocrx_word' id='word_1_237' title='bbox 1285 1830 1596 1866; x_wconf 86' lang='lat' dir='ltr'><strong>existimabimus.</strong></span> <span class='ocrx_word' id='word_1_238' title='bbox 1659 1830 1770 1869; x_wconf 71' lang='lat' dir='ltr'><strong>Nihil.</strong></span> 
     </span>
     <span class='ocr_line' id='line_1_25' title="bbox 95 1899 1767 1953; baseline -0.001 -16"><span class='ocrx_word' id='word_1_239' title='bbox 95 1902 239 1953; x_wconf 76' lang='lat' dir='ltr'><strong>inquit,</strong></span> <span class='ocrx_word' id='word_1_240' title='bbox 273 1914 344 1950; x_wconf 76' lang='lat' dir='ltr'><strong>per</strong></span> <span class='ocrx_word' id='word_1_241' title='bbox 373 1914 413 1939; x_wconf 78' lang='lat' dir='ltr'><strong>se</strong></span> <span class='ocrx_word' id='word_1_242' title='bbox 443 1913 663 1950; x_wconf 75' lang='lat' dir='ltr'><strong>quemquam</strong></span> <span class='ocrx_word' id='word_1_243' title='bbox 692 1901 822 1935; x_wconf 79' lang='lat' dir='ltr'><strong>decet:</strong></span> <span class='ocrx_word' id='word_1_244' title='bbox 862 1899 978 1944; x_wconf 78' lang='lat' dir='ltr'><strong>refert</strong></span> <span class='ocrx_word' id='word_1_245' title='bbox 1009 1900 1098 1947; x_wconf 76' lang='lat' dir='ltr'><strong>qnid</strong></span> <span class='ocrx_word' id='word_1_246' title='bbox 1129 1900 1189 1936; x_wconf 77' lang='lat' dir='ltr'><strong>cui</strong></span> <span class='ocrx_word' id='word_1_247' title='bbox 1218 1900 1371 1947; x_wconf 80' lang='lat' dir='ltr'><strong>quando</strong></span> <span class='ocrx_word' id='word_1_248' title='bbox 1403 1911 1522 1946; x_wconf 82' lang='lat' dir='ltr'><strong>quare</strong></span> <span class='ocrx_word' id='word_1_249' title='bbox 1550 1899 1612 1934; x_wconf 82' lang='lat' dir='ltr'><strong>ubi</strong></span> <span class='ocrx_word' id='word_1_250' title='bbox 1640 1906 1674 1935; x_wconf 79' lang='lat' dir='ltr'><strong>et</strong></span> <span class='ocrx_word' id='word_1_251' title='bbox 1706 1911 1767 1935; x_wconf 34' lang='lat' dir='ltr'><strong>ce*-</strong></span> 
     </span>
     <span class='ocr_line' id='line_1_26' title="bbox 95 1955 1769 2018; baseline -0.001 -13"><span class='ocrx_word' id='word_1_252' title='bbox 95 1955 179 2007; x_wconf 69' lang='grc' dir='ltr'><strong>εει-ιι</strong></span> <span class='ocrx_word' id='word_1_253' title='bbox 209 1971 291 2006; x_wconf 71' lang='lat' dir='ltr'><strong>sinc</strong></span> <span class='ocrx_word' id='word_1_254' title='bbox 321 1970 453 2018; x_wconf 71' lang='lat' dir='ltr'><strong>quibus</strong></span> <span class='ocrx_word' id='word_1_255' title='bbox 480 1969 576 2015; x_wconf 75' lang='lat' dir='ltr'><strong>lacti</strong></span> <span class='ocrx_word' id='word_1_256' title='bbox 606 1970 705 2005; x_wconf 74' lang='lat' dir='ltr'><strong>ratio</strong></span> <span class='ocrx_word' id='word_1_257' title='bbox 735 1981 810 2004; x_wconf 75' lang='lat' dir='ltr'><strong>non</strong></span> <span class='ocrx_word' id='word_1_258' title='bbox 841 1968 1034 2005; x_wconf 77' lang='lat' dir='ltr'><strong>constabis.</strong></span> <span class='ocrx_word' id='word_1_259' title='bbox 1051 1968 1127 1992; x_wconf 71' lang='lat'><strong>⁶⁹4</strong></span> <span class='ocrx_word' id='word_1_260' title='bbox 1174 1968 1257 2014; x_wconf 89' lang='lat' dir='ltr'><strong>Age</strong></span> <span class='ocrx_word' id='word_1_261' title='bbox 1282 1966 1341 2003; x_wconf 89' lang='lat' dir='ltr'><strong>his</strong></span> <span class='ocrx_word' id='word_1_262' title='bbox 1372 1967 1497 2002; x_wconf 88' lang='lat' dir='ltr'><strong>verbis</strong></span> <span class='ocrx_word' id='word_1_263' title='bbox 1526 1966 1621 2003; x_wconf 85' lang='lat' dir='ltr'><strong>haec</strong></span> <span class='ocrx_word' id='word_1_264' title='bbox 1653 1968 1769 2004; x_wconf 87' lang='lat' dir='ltr'><strong>adda-</strong></span> 
     </span>
     <span class='ocr_line' id='line_1_27' title="bbox 95 2035 1771 2087; baseline -0.002 -13"><span class='ocrx_word' id='word_1_265' title='bbox 95 2050 176 2083; x_wconf 79' lang='lat' dir='ltr'><strong>mus</strong></span> <span class='ocrx_word' id='word_1_266' title='bbox 207 2037 344 2087; x_wconf 85' lang='lat' dir='ltr'><strong>quibus</strong></span> <span class='ocrx_word' id='word_1_267' title='bbox 375 2037 561 2087; x_wconf 84' lang='lat' dir='ltr'><strong>quaedam</strong></span> <span class='ocrx_word' id='word_1_268' title='bbox 592 2049 677 2072; x_wconf 85' lang='lat' dir='ltr'><strong>cum</strong></span> <span class='ocrx_word' id='word_1_269' title='bbox 713 2037 789 2072; x_wconf 86' lang='lat' dir='ltr'><strong>sint-</strong></span> <span class='ocrx_word' id='word_1_270' title='bbox 822 2036 983 2072; x_wconf 85' lang='lat' dir='ltr'><strong>honesta</strong></span> <span class='ocrx_word' id='word_1_271' title='bbox 1016 2035 1273 2083; x_wconf 88' lang='lat' dir='ltr'><strong>pulcherrima</strong></span> <span class='ocrx_word' id='word_1_272' title='bbox 1308 2037 1474 2071; x_wconf 83' lang='lat' dir='ltr'><strong>summae</strong></span> <span class='ocrx_word' id='word_1_273' title='bbox 1512 2036 1662 2072; x_wconf 75' lang='lat' dir='ltr'><strong>virtutis</strong></span> <span class='ocrx_word' id='word_1_274' title='bbox 1700 2037 1771 2072; x_wconf 80' lang='lat' dir='ltr'><strong>nisi</strong></span> 
     </span>
     <span class='ocr_line' id='line_1_28' title="bbox 94 2103 1771 2152; baseline -0.002 -10"><span class='ocrx_word' id='word_1_275' title='bbox 94 2108 134 2143; x_wconf 90' lang='lat' dir='ltr'><strong>in</strong></span> <span class='ocrx_word' id='word_1_276' title='bbox 165 2107 285 2144; x_wconf 84' lang='lat' dir='ltr'><strong>altero</strong></span> <span class='ocrx_word' id='word_1_277' title='bbox 315 2118 393 2142; x_wconf 87' lang='lat' dir='ltr'><strong>uon</strong></span> <span class='ocrx_word' id='word_1_278' title='bbox 420 2105 560 2151; x_wconf 67' lang='lat' dir='ltr'><strong>habere</strong></span> <span class='ocrx_word' id='word_1_279' title='bbox 586 2105 714 2141; x_wconf 89' lang='lat' dir='ltr'><strong>locum</strong></span> <span class='ocrx_word' id='word_1_280' title='bbox 744 2104 892 2151; x_wconf 87' lang='lat' dir='ltr'><strong>probet.</strong></span> <span class='ocrx_word' id='word_1_281' title='bbox 911 2104 986 2128; x_wconf 73' lang='lat'><strong>⁶⁹⁵</strong></span> <span class='ocrx_word' id='word_1_282' title='bbox 1049 2103 1155 2139; x_wconf 88' lang='lat' dir='ltr'><strong>Haec</strong></span> <span class='ocrx_word' id='word_1_283' title='bbox 1186 2104 1302 2139; x_wconf 86' lang='lat' dir='ltr'><strong>verba</strong></span> <span class='ocrx_word' id='word_1_284' title='bbox 1330 2104 1422 2151; x_wconf 90' lang='lat' dir='ltr'><strong>quid</strong></span> <span class='ocrx_word' id='word_1_285' title='bbox 1451 2103 1523 2139; x_wconf 90' lang='lat' dir='ltr'><strong>sibi</strong></span> <span class='ocrx_word' id='word_1_286' title='bbox 1552 2104 1681 2147; x_wconf 81' lang='lat' dir='ltr'><strong>velint,</strong></span> <span class='ocrx_word' id='word_1_287' title='bbox 1707 2105 1771 2152; x_wconf 86' lang='lat' dir='ltr'><strong>qui</strong></span> 
     </span>
     <span class='ocr_line' id='line_1_29' title="bbox 95 2170 1770 2225; baseline -0.002 -14"><span class='ocrx_word' id='word_1_288' title='bbox 95 2176 193 2212; x_wconf 87' lang='lat' dir='ltr'><strong>bene</strong></span> <span class='ocrx_word' id='word_1_289' title='bbox 222 2180 347 2210; x_wconf 87' lang='lat' dir='ltr'><strong>mente</strong></span> <span class='ocrx_word' id='word_1_290' title='bbox 377 2173 615 2225; x_wconf 85' lang='lat' dir='ltr'><strong>perceperit,</strong></span> <span class='ocrx_word' id='word_1_291' title='bbox 644 2172 842 2219; x_wconf 82' lang='lat' dir='ltr'><strong>intelleget</strong></span> <span class='ocrx_word' id='word_1_292' title='bbox 872 2184 939 2207; x_wconf 86' lang='lat' dir='ltr'><strong>cur</strong></span> <span class='ocrx_word' id='word_1_293' title='bbox 969 2170 1115 2208; x_wconf 89' lang='lat' dir='ltr'><strong>Seneca</strong></span> <span class='ocrx_word' id='word_1_294' title='bbox 1142 2172 1211 2207; x_wconf 88' lang='lat' dir='ltr'><strong>illa</strong></span> <span class='ocrx_word' id='word_1_295' title='bbox 1240 2171 1288 2206; x_wconf 91' lang='lat' dir='ltr'><strong>de</strong></span> <span class='ocrx_word' id='word_1_296' title='bbox 1317 2183 1391 2219; x_wconf 85' lang='lat' dir='ltr'><strong>qua</strong></span> <span class='ocrx_word' id='word_1_297' title='bbox 1420 2171 1653 2220; x_wconf 82' lang='lat' dir='ltr'><strong>cogitamus,</strong></span> <span class='ocrx_word' id='word_1_298' title='bbox 1683 2184 1770 2220; x_wconf 78' lang='lat' dir='ltr'><strong>pars</strong></span> 
     </span>
     <span class='ocr_line' id='line_1_30' title="bbox 95 2238 1769 2288; baseline -0.003 -8"><span class='ocrx_word' id='word_1_299' title='bbox 95 2253 175 2284; x_wconf 80' lang='lat' dir='ltr'><strong>tum</strong></span> <span class='ocrx_word' id='word_1_300' title='bbox 205 2242 355 2279; x_wconf 84' lang='lat' dir='ltr'><strong>demum</strong></span> <span class='ocrx_word' id='word_1_301' title='bbox 380 2253 472 2282; x_wconf 82' lang='lat' dir='ltr'><strong>cum</strong></span> <span class='ocrx_word' id='word_1_302' title='bbox 500 2240 553 2277; x_wconf 85' lang='lat' dir='ltr'><strong>rei</strong></span> <span class='ocrx_word' id='word_1_303' title='bbox 584 2241 697 2276; x_wconf 84' lang='lat' dir='ltr'><strong>finem</strong></span> <span class='ocrx_word' id='word_1_304' title='bbox 726 2241 810 2288; x_wconf 89' lang='lat' dir='ltr'><strong>ipsa</strong></span> <span class='ocrx_word' id='word_1_305' title='bbox 836 2240 972 2283; x_wconf 86' lang='lat' dir='ltr'><strong>faciat,</strong></span> <span class='ocrx_word' id='word_1_306' title='bbox 1004 2239 1125 2287; x_wconf 85' lang='lat' dir='ltr'><strong>qualis</strong></span> <span class='ocrx_word' id='word_1_307' title='bbox 1156 2239 1216 2282; x_wconf 88' lang='lat' dir='ltr'><strong>sit,</strong></span> <span class='ocrx_word' id='word_1_308' title='bbox 1248 2238 1520 2286; x_wconf 85' lang='lat' dir='ltr'><strong>comprehendi</strong></span> <span class='ocrx_word' id='word_1_309' title='bbox 1549 2251 1663 2286; x_wconf 85' lang='lat' dir='ltr'><strong>posse</strong></span> <span class='ocrx_word' id='word_1_310' title='bbox 1692 2241 1769 2276; x_wconf 81' lang='lat' dir='ltr'><strong>exi-</strong></span> 
     </span>
     <span class='ocr_line' id='line_1_31' title="bbox 96 2306 1768 2374; baseline -0.002 -26"><span class='ocrx_word' id='word_1_311' title='bbox 96 2311 326 2374; x_wconf 69' lang='lat' dir='ltr'><strong>stimayerit.</strong></span> <span class='ocrx_word' id='word_1_312' title='bbox 377 2311 436 2347; x_wconf 86' lang='lat' dir='ltr'><strong>Ea</strong></span> <span class='ocrx_word' id='word_1_313' title='bbox 465 2308 637 2371; x_wconf 77' lang='lat' dir='ltr'><strong>quaestio</strong></span> <span class='ocrx_word' id='word_1_314' title='bbox 667 2319 742 2343; x_wconf 87' lang='lat' dir='ltr'><strong>non</strong></span> <span class='ocrx_word' id='word_1_315' title='bbox 774 2307 926 2354; x_wconf 85' lang='lat' dir='ltr'><strong>minime</strong></span> <span class='ocrx_word' id='word_1_316' title='bbox 964 2313 1137 2370; x_wconf 80' lang='lat' dir='ltr'><strong>spectare</strong></span> <span class='ocrx_word' id='word_1_317' title='bbox 1167 2308 1217 2343; x_wconf 90' lang='lat' dir='ltr'><strong>ad</strong></span> <span class='ocrx_word' id='word_1_318' title='bbox 1247 2306 1431 2343; x_wconf 86' lang='lat' dir='ltr'><strong>rationem</strong></span> <span class='ocrx_word' id='word_1_319' title='bbox 1458 2307 1557 2342; x_wconf 85' lang='lat' dir='ltr'><strong>inter</strong></span> <span class='ocrx_word' id='word_1_320' title='bbox 1587 2306 1768 2345; x_wconf 80' lang='lat' dir='ltr'><strong>Senecam</strong></span> 
     </span>
     <span class='ocr_line' id='line_1_32' title="bbox 96 2355 1770 2428; baseline -0.002 -13"><span class='ocrx_word' id='word_1_321' title='bbox 96 2386 136 2416; x_wconf 87' lang='lat' dir='ltr'><strong>et</strong></span> <span class='ocrx_word' id='word_1_322' title='bbox 148 2355 397 2417; x_wconf 81' lang='lat' dir='ltr'><strong>Antoninum</strong></span> <span class='ocrx_word' id='word_1_323' title='bbox 432 2366 731 2422; x_wconf 73' lang='lat' dir='ltr'><strong>intercedentem</strong></span> <span class='ocrx_word' id='word_1_324' title='bbox 769 2375 879 2411; x_wconf 87' lang='lat' dir='ltr'><strong>nobis</strong></span> <span class='ocrx_word' id='word_1_325' title='bbox 918 2375 1079 2411; x_wconf 85' lang='lat' dir='ltr'><strong>videtur.</strong></span> <span class='ocrx_word' id='word_1_326' title='bbox 1140 2375 1391 2421; x_wconf 83' lang='lat' dir='ltr'><strong>Quantumvis</strong></span> <span class='ocrx_word' id='word_1_327' title='bbox 1426 2374 1543 2422; x_wconf 87' lang='lat' dir='ltr'><strong>igitur</strong></span> <span class='ocrx_word' id='word_1_328' title='bbox 1573 2376 1770 2428; x_wconf 80' lang='lat' dir='ltr'><strong>discordes</strong></span> 
     </span>
     <span class='ocr_line' id='line_1_33' title="bbox 90 2423 1771 2492; baseline -0.002 -9"><span class='ocrx_word' id='word_1_329' title='bbox 90 2449 136 2486; x_wconf 77' lang='lat' dir='ltr'><strong>,in</strong></span> <span class='ocrx_word' id='word_1_330' title='bbox 166 2458 211 2483; x_wconf 83' lang='lat' dir='ltr'><strong>ea</strong></span> <span class='ocrx_word' id='word_1_331' title='bbox 238 2458 280 2483; x_wconf 85' lang='lat' dir='ltr'><strong>re</strong></span> <span class='ocrx_word' id='word_1_332' title='bbox 294 2430 394 2489; x_wconf 81' lang='lat' dir='ltr'><strong>sint,</strong></span> <span class='ocrx_word' id='word_1_333' title='bbox 410 2433 547 2482; x_wconf 79' lang='lat' dir='ltr'><strong>tamen</strong></span> <span class='ocrx_word' id='word_1_334' title='bbox 578 2423 790 2481; x_wconf 88' lang='lat' dir='ltr'><strong>concordes</strong></span> <span class='ocrx_word' id='word_1_335' title='bbox 823 2436 911 2479; x_wconf 87' lang='lat' dir='ltr'><strong>sunt</strong></span> <span class='ocrx_word' id='word_1_336' title='bbox 939 2443 1002 2479; x_wconf 91' lang='lat' dir='ltr'><strong>ubi</strong></span> <span class='ocrx_word' id='word_1_337' title='bbox 1033 2443 1227 2491; x_wconf 86' lang='lat' dir='ltr'><strong>quaeritur</strong></span> <span class='ocrx_word' id='word_1_338' title='bbox 1257 2443 1383 2492; x_wconf 86' lang='lat' dir='ltr'><strong>qualia</strong></span> <span class='ocrx_word' id='word_1_339' title='bbox 1411 2442 1590 2480; x_wconf 87' lang='lat' dir='ltr'><strong>indantur</strong></span> <span class='ocrx_word' id='word_1_340' title='bbox 1619 2444 1771 2480; x_wconf 80' lang='lat' dir='ltr'><strong>nomina</strong></span> 
     </span>
     <span class='ocr_line' id='line_1_34' title="bbox 87 2503 1771 2564; baseline -0.003 -12"><span class='ocrx_word' id='word_1_341' title='bbox 87 2503 280 2564; x_wconf 33' lang='lat' dir='ltr'><strong>*pn-tibus.</strong></span> <span class='ocrx_word' id='word_1_342' title='bbox 341 2513 457 2560; x_wconf 85' lang='lat' dir='ltr'><strong>Quod</strong></span> <span class='ocrx_word' id='word_1_343' title='bbox 496 2513 593 2549; x_wconf 90' lang='lat' dir='ltr'><strong>enim</strong></span> <span class='ocrx_word' id='word_1_344' title='bbox 630 2513 733 2561; x_wconf 90' lang='lat' dir='ltr'><strong>apud</strong></span> <span class='ocrx_word' id='word_1_345' title='bbox 763 2511 947 2549; x_wconf 90' lang='lat' dir='ltr'><strong>Senecam</strong></span> <span class='ocrx_word' id='word_1_346' title='bbox 981 2512 1036 2548; x_wconf 84' lang='lat' dir='ltr'><strong>sic</strong></span> <span class='ocrx_word' id='word_1_347' title='bbox 1073 2512 1195 2549; x_wconf 86' lang='lat' dir='ltr'><strong>verbis</strong></span> <span class='ocrx_word' id='word_1_348' title='bbox 1234 2525 1454 2560; x_wconf 85' lang='lat' dir='ltr'><strong>expressum</strong></span> <span class='ocrx_word' id='word_1_349' title='bbox 1491 2511 1695 2548; x_wconf 84' lang='lat' dir='ltr'><strong>offenditur</strong></span> <span class='ocrx_word' id='word_1_350' title='bbox 1729 2519 1771 2548; x_wconf 89' lang='lat' dir='ltr'><strong>ut</strong></span> 
     </span>
     <span class='ocr_line' id='line_1_35' title="bbox 96 2575 1767 2632; baseline -0.002 -13"><span class='ocrx_word' id='word_1_351' title='bbox 96 2584 316 2632; x_wconf 84' lang='lat' dir='ltr'><strong>exploretur</strong></span> <span class='ocrx_word' id='word_1_352' title='bbox 343 2582 536 2631; x_wconf 87' lang='lat' dir='ltr'><strong>quomodo</strong></span> <span class='ocrx_word' id='word_1_353' title='bbox 566 2582 680 2618; x_wconf 88' lang='lat' dir='ltr'><strong>rebus</strong></span> <span class='ocrx_word' id='word_1_354' title='bbox 710 2582 760 2617; x_wconf 88' lang='lat' dir='ltr'><strong>sit</strong></span> <span class='ocrx_word' id='word_1_355' title='bbox 790 2581 995 2623; x_wconf 86' lang='lat' dir='ltr'><strong>utendum,</strong></span> <span class='ocrx_word' id='word_1_356' title='bbox 1034 2580 1127 2616; x_wconf 87' lang='lat' dir='ltr'><strong>nihil</strong></span> <span class='ocrx_word' id='word_1_357' title='bbox 1157 2581 1260 2617; x_wconf 83' lang='lat' dir='ltr'><strong>aliud</strong></span> <span class='ocrx_word' id='word_1_358' title='bbox 1297 2581 1368 2616; x_wconf 92' lang='lat' dir='ltr'><strong>sibi</strong></span> <span class='ocrx_word' id='word_1_359' title='bbox 1404 2579 1479 2616; x_wconf 88' lang='lat' dir='ltr'><strong>hoc</strong></span> <span class='ocrx_word' id='word_1_360' title='bbox 1518 2575 1620 2622; x_wconf 89' lang='lat' dir='ltr'><strong>vult,</strong></span> <span class='ocrx_word' id='word_1_361' title='bbox 1658 2591 1767 2628; x_wconf 87' lang='lat' dir='ltr'><strong>quam</strong></span> 
     </span>
     <span class='ocr_line' id='line_1_36' title="bbox 64 2645 1735 2700; baseline -0.002 -13"><span class='ocrx_word' id='word_1_362' title='bbox 64 2659 69 2662; x_wconf 58' lang='lat'><strong>⁴</strong></span> <span class='ocrx_word' id='word_1_363' title='bbox 98 2650 203 2700; x_wconf 81' lang='lat' dir='ltr'><strong>quod</strong></span> <span class='ocrx_word' id='word_1_364' title='bbox 231 2650 278 2686; x_wconf 80' lang='lat' dir='ltr'><strong>ab</strong></span> <span class='ocrx_word' id='word_1_365' title='bbox 309 2650 504 2686; x_wconf 80' lang='lat' dir='ltr'><strong>Antonino</strong></span> <span class='ocrx_word' id='word_1_366' title='bbox 535 2650 750 2699; x_wconf 85' lang='lat' dir='ltr'><strong>appellatur</strong></span> <span class='ocrx_word' id='word_1_367' title='bbox 782 2645 918 2699; x_wconf 81' lang='grc' dir='ltr'><strong>σχέσις</strong></span> <span class='ocrx_word' id='word_1_368' title='bbox 946 2645 972 2697; x_wconf 82' lang='grc' dir='ltr'><em>ἠ</em></span> <span class='ocrx_word' id='word_1_369' title='bbox 1001 2645 1099 2699; x_wconf 78' lang='grc' dir='ltr'><strong>πρὸς</strong></span> <span class='ocrx_word' id='word_1_370' title='bbox 1130 2645 1175 2685; x_wconf 80' lang='grc' dir='ltr'><strong>τὸ</strong></span> <span class='ocrx_word' id='word_1_371' title='bbox 1208 2645 1338 2686; x_wconf 71' lang='grc' dir='ltr'><strong>αἴτιον</strong></span> <span class='ocrx_word' id='word_1_372' title='bbox 1370 2645 1415 2685; x_wconf 83' lang='grc' dir='ltr'><strong>τὸ</strong></span> <span class='ocrx_word' id='word_1_373' title='bbox 1446 2646 1735 2699; x_wconf 73' lang='grc' dir='ltr'><strong>περικείμενον.</strong></span> 
     </span>
    </p>
   </div>
   <div class='ocr_carea' id='block_1_5' title="bbox 208 2764 1767 2836">
    <p class='ocr_par' dir='ltr' id='par_1_5' title="bbox 208 2764 1767 2836">
     <span class='ocr_line' id='line_1_37' title="bbox 208 2764 1767 2836; baseline -0.004 -12"><span class='ocrx_word' id='word_1_374' title='bbox 208 2785 334 2824; x_wconf 63' lang='lat' dir='ltr'><strong>nnuc</strong></span> <span class='ocrx_word' id='word_1_375' title='bbox 373 2783 526 2836; x_wconf 80' lang='lat' dir='ltr'><strong>quidem</strong></span> <span class='ocrx_word' id='word_1_376' title='bbox 559 2790 706 2832; x_wconf 81' lang='lat' dir='ltr'><strong>partem</strong></span> <span class='ocrx_word' id='word_1_377' title='bbox 743 2788 840 2834; x_wconf 83' lang='lat' dir='ltr'><strong>quae</strong></span> <span class='ocrx_word' id='word_1_378' title='bbox 874 2784 1045 2831; x_wconf 86' lang='lat' dir='ltr'><strong>inprimis</strong></span> <span class='ocrx_word' id='word_1_379' title='bbox 1083 2783 1162 2831; x_wconf 84' lang='lat' dir='ltr'><strong>agit</strong></span> <span class='ocrx_word' id='word_1_380' title='bbox 1197 2764 1244 2819; x_wconf 79' lang='lat' dir='ltr'><strong>de</strong></span> <span class='ocrx_word' id='word_1_381' title='bbox 1281 2783 1424 2831; x_wconf 86' lang='lat' dir='ltr'><strong>duplici</strong></span> <span class='ocrx_word' id='word_1_382' title='bbox 1454 2789 1590 2819; x_wconf 87' lang='lat' dir='ltr'><strong>natura</strong></span> <span class='ocrx_word' id='word_1_383' title='bbox 1619 2783 1767 2819; x_wconf 82' lang='lat' dir='ltr'><strong>virtutis</strong></span> 
     </span>
    </p>
   </div>
   <div class='ocr_carea' id='block_1_6' title="bbox 1351 2863 1370 2870">
    <p class='ocr_par' dir='ltr' id='par_1_6' title="bbox 1351 2863 1370 2870">
     <span class='ocr_line' id='line_1_38' title="bbox 1351 2863 1370 2870; baseline 0 0"><span class='ocrx_word' id='word_1_384' title='bbox 1351 2863 1370 2870; x_wconf 54' lang='grc' dir='ltr'><em>α</em></span> 
     </span>
    </p>
   </div>
   <div class='ocr_carea' id='block_1_7' title="bbox 143 2925 1363 2980">
    <p class='ocr_par' dir='ltr' id='par_1_7' title="bbox 143 2925 1363 2980">
     <span class='ocr_line' id='line_1_39' title="bbox 143 2925 1363 2980; baseline 0 -7"><span class='ocrx_word' id='word_1_385' title='bbox 143 2940 211 2977; x_wconf 71' lang='lat'><strong>694</strong></span> <span class='ocrx_word' id='word_1_386' title='bbox 235 2925 345 2980; x_wconf 62' lang='lat' dir='ltr'><strong>aneu.</strong></span> <span class='ocrx_word' id='word_1_387' title='bbox 371 2939 403 2975; x_wconf 83' lang='grc' dir='ltr'><strong>ιι</strong></span> <span class='ocrx_word' id='word_1_388' title='bbox 430 2940 483 2973; x_wconf 81' lang='lat'><strong>16.</strong></span> <span class='ocrx_word' id='word_1_389' title='bbox 1025 2939 1091 2974; x_wconf 81' lang='lat'><strong>695</strong></span> <span class='ocrx_word' id='word_1_390' title='bbox 1117 2939 1226 2975; x_wconf 72' lang='lat' dir='ltr'><strong>daea.</strong></span> <span class='ocrx_word' id='word_1_391' title='bbox 1253 2939 1286 2970; x_wconf 88' lang='lat' dir='ltr'>v</span> <span class='ocrx_word' id='word_1_392' title='bbox 1313 2941 1363 2973; x_wconf 86' lang='lat'><strong>10.</strong></span> 
     </span>
    </p>
   </div>
  </div>
 </body>
</html>
