1878 3158
878 763 967 810 III.

707 893 916 949 caput
944 889 1150 948 prius.

100 1096 102 1099 ,
132 1099 151 1107 y,
167 1058 544 1109 „commentationis
579 1062 732 1093 nostrae
769 1067 865 1104 quae
896 1062 954 1091 est
983 1066 1099 1102 supra
1126 1054 1228 1090 facta
1257 1053 1422 1102 digestio
1453 1052 1764 1098 enumeratioque

86 1128 137 1178 ad
174 1128 498 1177 comparationem
534 1125 698 1162 accincti
739 1124 832 1172 quid
869 1123 1021 1160 intersit
1055 1123 1155 1159 inter
1191 1134 1307 1163 unum
1344 1119 1615 1168 philosophum
1643 1125 1682 1155 et
1711 1119 1764 1154 al·

86 1202 223 1240 mum,
252 1195 392 1245 quidve
422 1206 498 1243 qno
529 1193 740 1230 dissideant
768 1194 868 1229 inter
897 1204 938 1227 se
968 1196 1034 1227 aut
1062 1190 1288 1233 concinant,
1328 1188 1520 1236 inquirere
1547 1199 1763 1236 pergamus.

87 1263 165 1303 Sed
193 1263 462 1309 baudlinutile
492 1262 667 1298 duximus
694 1268 782 1297 ante
809 1261 944 1297 leviter
979 1260 1206 1297 adumbrare
1243 1258 1335 1307 quid
1373 1257 1424 1293 sit
1456 1247 1542 1304 'quo
1582 1255 1766 1295 dissideat

87 1339 247 1382 uterque
275 1337 341 1368 ant
370 1331 560 1374 concinat,
591 1331 623 1366 si
656 1330 852 1377 utriusque
884 1329 1036 1364 moralis
1067 1327 1292 1374 disciplinae
1320 1326 1508 1361 rationem
1528 1336 1573 1360 ac
1592 1330 1765 1360 naturam

86 1401 300 1439 universam
339 1385 590 1447 cunctamque
622 1398 823 1446 ‚respicere
859 1410 903 1434 ac
941 1398 1155 1445 ponderare
1195 1394 1366 1431 velimus.
1430 1393 1547 1429 Cuius
1581 1393 1639 1428 rei
1670 1392 1763 1428 deli-

84 1468 212 1507 neatio
240 1469 461 1518 prinsquam
489 1470 580 1510 fiat,
622 1467 735 1502 etiam
767 1466 870 1501 aliud
902 1466 1083 1513 quiddam
1115 1463 1244 1512 quod,
1284 1475 1371 1499 cum
1405 1461 1529 1497 minus
1557 1461 1763 1505 videretur,

84 1542 260 1586 spectare
297 1538 348 1574 ad
378 1536 627 1584 'disciplinam
663 1535 784 1582 ipsam
821 1546 930 1582 quam
969 1535 1018 1570 ad
1049 1538 1214 1570 mentem
1243 1544 1287 1568 ac
1318 1530 1543 1568 sententiam
1572 1530 1622 1566 ad
1651 1541 1763 1578 quam

85 1604 239 1659 (inponi
267 1605 506 1652 disciplinam
533 1604 752 1651 placuerat,
782 1602 1102 1650 praeterierimus,
1131 1600 1205 1636 huc
1235 1600 1528 1649 praefulciamus
1557 1598 1763 1654 oportebit.

83 1673 159 1711 flio
191 1673 296 1722 quod
324 1685 403 1709 nou
429 1674 482 1710 ita
510 1672 667 1708 forsitan
699 1672 750 1708 sit
776 1678 818 1707 ut
846 1671 958 1707 facile
988 1675 1113 1706 mente
1149 1669 1233 1718 quis
1271 1667 1592 1717 comprehendat,
1632 1667 1762 1715 paullo

11 1762 14 1766 ·
84 1742 300 1779 accuratius
322 1742 424 1778 infra
452 1754 497 1777 ac
528 1741 667 1777 certius
697 1746 922 1787 exponetur.

143 1843 151 1855 ὃ
198 1810 416 1857 Antoninus
439 1810 590 1858 quidem
612 1809 678 1857 qui
697 1809 888 1856 posterior
907 1813 1079 1854 tempore
1099 1807 1183 1851 fuit,
1215 1819 1238 1843 a
1252 1818 1277 1842 n
1308 1807 1334 1843 d
1349 1807 1362 1842 i
1377 1819 1402 1855 g
1417 1817 1442 1840 n
1460 1817 1484 1840 u
1499 1817 1535 1840 m
1566 1816 1588 1840 c
1604 1815 1626 1840 o
1643 1817 1668 1852 g
1683 1804 1761 1838 ni-

86 1879 127 1917 ti
144 1891 167 1916 o
182 1891 245 1919 ne
273 1877 300 1916 S
317 1891 339 1916 e
352 1891 378 1924 ιι,
394 1891 415 1915 e
431 1890 452 1914 c
467 1891 490 1914 a
505 1891 541 1914 m
583 1877 607 1913 h
624 1890 646 1912 a
662 1877 685 1912 b
705 1889 727 1913 u
743 1889 763 1913 e
778 1889 798 1912 r
813 1878 826 1913 i
843 1884 859 1914 t
896 1876 1136 1924 eundemque
1165 1876 1401 1924 cognoverit,
1429 1875 1584 1911 levioris
1604 1859 1763 1910 *videtur

84 1959 169 1989 esua
203 1947 383 1987 momenti
420 1953 460 1984 et
495 1947 535 1983 id
575 1946 728 1994 quidem
766 1946 984 1994 expeditum
1013 1945 1062 1980 ad
1093 1944 1372 1992 explicandum.
1432 1943 1635 1980 Librorum
1667 1955 1763 1991 quos

83 2016 251 2063 Senecae
280 2015 329 2051 ad
357 2014 600 2050 scribendum
627 2014 822 2060 ingenium
851 2015 1079 2062 reliquerat,
1123 2013 1402 2049 multitudinem
1441 2013 1473 2047 si
1511 2013 1624 2048 etiam
1654 1993 1762 2048 brevi

84 2090 230 2122 tantum
266 2084 307 2120 in
344 2089 552 2130 conspectu
592 2083 763 2121 videmus
781 2110 790 2126 ,
835 2083 1070 2130 neglegimus
1107 2083 1182 2117 iam
1227 2079 1388 2116 antehac
1427 2085 1604 2127 coeptam
1646 2080 1762 2116 fnisse

85 2150 380 2201 philosophandi
418 2151 731 2187 consuetudinem
768 2151 953 2187 conviviis
996 2149 1190 2186 assuefieri
1209 2149 1285 2181 ‘3²¹
1320 2149 1399 2184 sive
1429 2148 1476 2183 ab
1506 2148 1762 2184 accumbenti-

14 2247 15 2250 *
85 2220 157 2256 bus
197 2219 245 2256 de
283 2217 528 2267 philosophia
568 2219 714 2255 institui
747 2211 942 2254 sermones
972 2229 1016 2253 ac
1047 2218 1237 2254 Romanos
1269 2217 1334 2264 qui
1364 2217 1540 2264 neglecto
1572 2216 1762 2264 quaestio-

86 2274 176 2325 num
206 2299 303 2337 qnae
330 2286 656 2335 proponebantur,
687 2287 792 2323 fonte
823 2298 846 2321 a
876 2297 952 2334 quo
983 2285 1091 2334 quasi
1120 2286 1245 2333 capite
1275 2285 1323 2320 de
1351 2284 1466 2333 rebus
1496 2285 1655 2332 singulis
1686 2285 1762 2320 dis-

85 2357 303 2405 putationes
336 2356 577 2399 ducerentur,
608 2361 761 2403 captare
792 2354 982 2391 malebant
1000 2355 1039 2389 in
1060 2353 1349 2390 sermocinando
1370 2353 1551 2390 flosculos
1571 2352 1763 2390 rhetorico

87 2435 192 2462 mom
221 2431 313 2462 tunc
342 2424 479 2461 aetatis
509 2423 824 2471 calamistrosque
858 2422 1053 2467 adhibere,
1084 2434 1182 2472 quae
1210 2433 1270 2458 res
1300 2422 1339 2456 in
1359 2422 1473 2458 istum
1494 2422 1762 2458 declamitandi

86 2504 228 2530 morem
258 2494 323 2542 qui
353 2494 391 2529 in
415 2491 588 2529 rhetores
618 2492 794 2528 nimirum
830 2503 901 2527 nec
937 2502 1013 2527 non
1050 2497 1089 2527 et
1129 2489 1378 2538 philosophos
1410 2490 1637 2533 invadebat,
1680 2495 1761 2526 tan-

87 2573 200 2611 quam
229 2561 384 2598 morbus
414 2560 669 2598 Romanorum
700 2561 742 2614 in-
766 2561 847 2597 dies
879 2567 969 2596 tunc
999 2559 1310 2607 ingravescebat,
1342 2558 1390 2593 ad
1421 2569 1481 2594 res
1512 2558 1674 2594 morales
1700 2570 1760 2594 so-

85 2630 178 2667 lito·
204 2641 288 2667 esse
316 2630 535 2678 disputare,
574 2629 677 2666 baud
706 2629 889 2666 dissimile
920 2628 998 2664 veri
1029 2627 1220 2664 videbitur
1248 2638 1344 2668 esse,
1375 2631 1417 2662 ut
1444 2625 1564 2662 libros
1593 2624 1762 2663 Senecae

90 2687 304 2735 Antoninus
335 2697 443 2734 cuius
470 2698 635 2734 animum
665 2697 768 2734 haud
798 2698 851 2734 ita
880 2707 966 2733 raro
997 2700 1187 2731 versatum
1215 2696 1253 2731 in
1291 2694 1567 2743 cognoscendis
1603 2694 1760 2730 laudan-

89 2767 226 2815 disqne
262 2765 371 2802 libris
409 2765 542 2802 saltem
577 2766 810 2803 Graecorum
849 2763 1199 2812 philosophantium
1216 2790 1226 2806 ,
1270 2763 1303 2798 si
1345 2762 1636 2799 commentarios
1681 2762 1762 2797 eius

134 2887 199 2923 621
232 2888 294 2920 cfr.
330 2886 443 2919 dBen.
479 2885 547 2919 lm
580 2884 602 2919 2
636 2886 876 2929 ‘OEpicuraeo-
970 2894 1045 2916 rum
1071 2901 1114 2908 —
1138 2901 1182 2908 —
1207 2884 1272 2924 —)
1303 2884 1407 2916 turba
1437 2885 1471 2916 in
1502 2884 1664 2915 convivio
1695 2893 1760 2916 suo

970 2940 1315 2984 philosophantium!
