1878 3158
896 131 976 182 ‘89

99 264 234 312 m
239 271 303 311 ἢεί
331 273 577 323 contorqueri
605 275 740 321 posse,
779 283 851 320 age
883 276 926 307 tn
963 281 1073 307 aures
1102 270 1226 317 erigas
1255 269 1495 316 animmque
1524 267 1700 314 attendas
1728 266 1778 303 ad

100 335 320 392 &wint
348 353 374 379 a
400 341 547 380 Senes·
563 334 661 389 ipso
688 340 897 381 affirmetur
924 337 1027 374 omni
1054 338 1336 375 asseveratione
1371 337 1475 385 qnod
1511 336 1672 372 forsitan
1707 334 1776 370 liu-

99 403 253 460 ΜΘ
279 407 533 449 m
539 403 672 445 minus
702 409 825 445 simile
851 408 921 445 tibi
951 417 1035 442 esse
1061 405 1250 442 videatur.
1309 405 1397 440 Noli
1426 405 1556 440 mirari
1587 415 1684 452 qnae
1720 415 1777 439 se-

100 478 279 529 Μ
297 479 460 514 ‘moin
498 477 677 513 videlieet
710 477 824 512 fidem
857 473 1093 512 excedentia.
1151 473 1249 509 Fore
1277 484 1357 508 rem
1384 477 1530 508 tantum
1558 484 1644 508 eum
1669 483 1777 520 para-

100 543 508 584 ffl‘fflsmveris.
566 544 741 592 Speciem
778 544 898 591 igitur
929 542 1112 590 sapientis
1151 541 1301 590 qualem
1330 540 1476 577 Seneca
1510 541 1636 576 animo
1673 541 1778 576 effin-

104 612 306 651 wifel
325 612 498 649 ‘effictam
526 611 599 648 sibi
629 610 882 659 proponebat,
912 621 1025 658 quam
1051 617 1135 645 esse
1164 620 1295 645 censes
1326 614 1366 645 et
1393 609 1431 644 in
1463 620 1539 656 qno
1572 609 1780 644 consistere

104 679 310 733 ms*
325 680 444 718 Cuius
470 681 632 716 virtutes
656 679 724 715 has
751 678 880 714 habet.
938 676 1171 714 Succurrere
1198 677 1407 724 sapientem
1438 676 1552 718 dicit,
1581 676 1779 723 prodesse,

100 748 150 788 ἤ
169 751 371 787 me
402 748 586 784 auxilinm
622 753 751 784 natum
787 758 833 782 ac
868 745 1063 799 publicum
1105 745 1247 780 bonum
1275 757 1323 780 ex
1369 757 1446 793 quo
1493 743 1601 780 dabit
1643 744 1780 791 cuique

103 819 263 867 Q
290 817 487 866 phsidum
514 816 554 851 in
580 821 668 851 actu
697 826 783 850 cum
810 813 1044 850 humanitate
1063 813 1182 849 multa
1204 818 1243 848 et
1263 813 1568 848 conversantium
1588 810 1772 847 cura.⁶³¹

101 883 235 924 'rioilo'
260 884 500 932 intellegitur
528 883 594 932 qui
622 883 762 928 factum
791 882 843 917 sit
871 886 914 916 ut
939 892 1061 934 prope
1090 881 1183 916 deos
1197 880 1273 905 ⁶³²
1308 892 1393 916 eum
1424 880 1528 916 dicat
1554 891 1637 916 esse
1665 885 1780 928 atque

99 953 203 991 εδδ
230 952 391 988 similem
413 949 593 988 illis-⁶³³
657 950 774 986 Cuius
803 949 858 985 rei
888 949 1135 985 certissimam
1166 950 1351 985 rationem
1381 948 1479 984 hane
1508 948 1639 984 habes.
1690 950 1779 985 Ete-

101 1021 317 1063 munh»
340 1019 408 1056 ille
431 1020 609 1056 virtutem
640 1029 788 1054 omnem
818 1013 1035 1065 possessa'm
1062 1016 1276 1053 habet⁶³⁴
1314 1022 1354 1053 et
1381 1017 1455 1052 sibi
1484 1018 1558 1064 ipsi
1587 1018 1779 1054 sufficiens

101 1082 163 1127 ὰ
189 1088 389 1126 additum
421 1088 585 1124 beatam.
597 1086 675 1110 ⁶³⁵
735 1085 927 1127 Virtutem
966 1092 1090 1122 autem
1129 1085 1194 1134 qui
1230 1085 1427 1132 possidet,
1466 1085 1570 1133 quod
1605 1085 1779 1120 omnibus

100 1157 218 1195 rob-
249 1156 416 1204 pretinm
454 1155 634 1203 imponit,
674 1153 790 1189 habet
822 1153 1003 1202 idemque
1036 1155 1141 1190 solus
1179 1154 1286 1189 dives
1322 1159 1391 1190 est.

101 1228 218 1269 my
243 1234 293 1261 ea
318 1224 507 1272 pei-seen,
539 1235 585 1259 ea
613 1222 697 1258 sola
723 1222 929 1269 possessio.
988 1221 1066 1258 Sed
1095 1234 1176 1258 eam
1207 1233 1289 1256 rem
1315 1220 1379 1255 ubi
1411 1225 1468 1256 est
1497 1226 1539 1257 nt
1564 1220 1640 1256 huc
1670 1232 1778 1256 revo-

102 1294 185 1338 e'dt,
223 1298 268 1329 ut
293 1292 490 1340 possidere
521 1291 649 1326 omnia
677 1290 805 1325 omnia
832 1290 1040 1337 sapientem
1061 1290 1136 1315 ⁶³⁶
1171 1290 1295 1332 dieat,
1324 1289 1408 1324 'sibi
1444 1299 1520 1323 non
1550 1289 1660 1324 deest
1688 1289 1779 1336 quin

101 1365 149 1398 ut
173 1366 286 1397 vnete
317 1359 413 1396 haec
449 1359 606 1408 quidem
642 1369 703 1394 res
741 1357 1097 1405 intellegatur,⁶³⁷
1139 1362 1389 1394 commoneat.
1449 1357 1614 1394 Tantum
1654 1357 1778 1392 animo

1529 1425 1633 1470 Quid
1675 1426 1778 1474 quod

1452 1153 1518 1188 Ea·
1543 1153 1693 1188 demum
1723 1159 1781 1189 est

104 1429 187 1466 vult
213 1429 341 1465 omnia
367 1428 564 1476 possidere
594 1438 692 1470 eum,
721 1437 791 1462 nec
825 1437 913 1462 vero
954 1427 1117 1463 eundem
1155 1427 1239 1474 ipso
1280 1424 1465 1461 iure.⁶³⁸

131 1551 223 1603 ss!
245 1541 326 1594 d'ci
350 1559 387 1592 11
409 1558 442 1594 6.
468 1560 568 1593 svn.
594 1558 617 1593 4
641 1570 686 1592 m.

147 1624 216 1664 m
242 1622 377 1662 Gnelv.
411 1626 434 1662 5
470 1628 516 1660 ιιι.
564 1630 573 1644 ‘
592 1645 635 1651 -—
678 1627 714 1659 id
756 1627 896 1668 quidem

987 1561 1045 1601 qui
1071 1560 1191 1592 dicunt
1214 1560 1407 1600 sapientem
1432 1569 1470 1591 se
1496 1560 1574 1601 ipso
1599 1568 1678 1591 esse
1696 1568 1779 1590 eon-

987 1621 1121 1648 tentum
1154 1621 1188 1648 et
1219 1620 1366 1658 propter
1395 1616 1462 1648 hoc
1494 1617 1607 1648 amieo
1631 1626 1703 1648 non
1726 1616 1778 1647 in-

102 1685 232 1729 (suppl,
257 1687 455 1727 sapientem
478 1695 534 1717 me
559 1685 652 1724 esse)
684 1685 715 1716 si
739 1683 896 1726 profiteri

102 1752 245 1786 possem
268 1760 314 1766 —
337 1760 382 1766 —
406 1760 451 1765 —
476 1744 629 1775 omnium
660 1741 896 1774 fortunatissi-

101 1809 199 1833 mum
240 1803 276 1831 et
307 1800 343 1832 in
386 1799 537 1831 vicinum
579 1799 646 1830 deo
690 1789 896 1840 perductum

102 1854 345 1900 praedicarem
370 1854 467 1897 (me)'
471 1879 480 1886 .

149 1911 217 1948 633
241 1911 384 1954 chap.
410 1910 432 1944 3
457 1922 501 1944 m.
527 1913 680 1961 ‘sapiens
703 1916 822 1944 antem
845 1913 895 1943 vi-

102 1971 202 2010 dam
231 1969 487 2012 proximusque
522 1969 587 2001 diis
620 1970 800 2008 consistit,
834 1978 894 2000 ex-

101 2026 207 2077 ulfi·
221 2025 452 2066 mortalitate,
469 2027 589 2059 similis
607 2025 696 2058 deo’.
711 2044 755 2049 —
766 2025 895 2058 dProv.

103 2084 121 2119 1
145 2085 263 2119 fimet
291 2082 405 2116 bonos
429 2084 524 2115 viros
547 2094 590 2115 ac
616 2083 719 2115 deum
745 2083 895 2115 amicitia

102 2145 158 2174 est
180 2140 390 2175 conciliante
415 2141 553 2172 virtute.
579 2140 766 2172 amicitiam
791 2139 893 2172 dico?

102 2199 209 2232 immo
235 2197 340 2229 etiam
364 2197 590 2228 necessitudo
616 2202 651 2228 et
681 2196 894 2230 similitudo'.

102 2273 144 2279 -
171 2244 358 2295 ‹Ph-nnqn.=
378 2250 400 2285 8
423 2262 468 2284 ιιι.
496 2252 611 2284 ‘Hunc
636 2270 679 2276 —
705 2270 746 2276 —
774 2270 818 2276 -
841 2253 894 2285 dis

100 2309 353 2345 immortalibus
377 2308 525 2341 similem
542 2309 615 2340 —'.
641 2326 685 2332 -
708 2309 771 2342 cfr.
789 2310 893 2341 etiam

101 2368 244 2411 «iosap.
270 2366 292 2401 6
317 2376 374 2400 ex.

131 2422 215 2459 »634
239 2423 382 2466 dCSap.
404 2422 427 2457 5
463 2423 578 2455 ‘unius
614 2422 705 2455 enim
739 2424 774 2455 in
809 2433 892 2465 pos-

101 2482 260 2515 sessione
294 2481 433 2514 virtntis
468 2483 524 2512 est
560 2489 606 2512 ex
649 2490 721 2522 qna
764 2480 893 2523 depelli

101 2547 281 2580 nunqnam
310 2535 441 2580 potest’
468 2554 510 2560 —
536 2535 617 2569 ibid.
646 2535 688 2571 15
724 2538 774 2569 ‘at
796 2538 892 2570 illum

101 2597 135 2628 ιιι
159 2595 236 2628 aliis
258 2594 378 2627 mundi
402 2594 528 2626 finibus
552 2601 618 2626 sua
641 2596 750 2627 virtus
781 2595 892 2627 collo-

102 2652 207 2691 cavit,
235 2651 320 2683 nihil
346 2650 526 2684 vobiscum
551 2651 891 2684 commune-baben-

102 2706 195 2741 ου’.
220 2707 389 2740 -ιΙἼΒ
414 2706 438 2742 4
467 2709 651 2742 ‘sumum
682 2708 813 2742 bonum
837 2713 893 2741 est

102 2766 237 2798 tainu
258 2780 304 2789 -
327 2780 372 2789 -·
397 2781 443 2788 -·
465 2765 594 2797 virtute
617 2765 828 2799 oontentns'.
846 2783 891 2790 —

101 2822 164 2857 cfr.
188 2831 267 2864 epp.
291 2819 334 2854 81
361 2831 406 2852 m.
428 2818 476 2854 .85
501 2831 558 2854 ex.

145 2876 213 2914 885
237 2876 349 2920 1¹:29
374 2877 420 2912 ιιι.
453 2879 511 2910 ‘an
541 2880 666 2912 merito
695 2879 890 2922 reprehen-

101 2935 161 2968 dat
190 2935 226 2968 in
247 2934 409 2990 guadam
441 2935 591 2977 epistola
622 2936 795 2978 Epicurus
828 2946 890 2969 eos

987 1674 1126 1715 digere,
1161 1673 1341 1706 desideras
1373 1674 1472 1705 scire.
1520 1674 1599 1705 Hoc
1631 1673 1780 1706 obicitur

987 1730 1139 1773 Stilponi
1171 1729 1214 1762 ab
1239 1730 1394 1771 Epicuro
1419 1748 1464 1753 —
1490 1747 1533 1751 —
1558 1730 1644 1760 illud
1678 1729 1778 1762 nobis

986 1797 1064 1819 cum
1101 1787 1169 1819 illis
1206 1796 1392 1819 commune
1429 1790 1482 1818 est
1515 1788 1709 1829 sapientem
1740 1798 1778 1819 se

985 1845 1064 1886 ipso
1088 1854 1166 1876 esse
1193 1843 1419 1876 contentnm'.

1032 1898 1100 1934 636
1126 1900 1236 1932 dBen.
1272 1901 1340 1933 vn
1375 1900 1396 1933 6
1444 1891 1600 1949 ‘possum
1644 1901 1778 1933 donare

986 1958 1138 1999 sapienti
1165 1958 1260 1998 quod
1284 1959 1410 1989 viritim
1443 1967 1558 1989 meum
1590 1962 1660 1997 est,
1698 1958 1778 1990 licet

986 2015 1077 2046 illius
1101 2015 1170 2046 sint
1196 2014 1334 2047 omnia!
1659 2004 1665 2010 ²

1030 2068 1096 2104 637
1123 2070 1234 2104 dBen.
1260 2072 1328 2103 vn
1351 2070 1374 2104 8
1399 2073 1496 2113 ‘ergo
1524 2059 1602 2110 eum
1626 2072 1779 2103 animum

985 2128 1155 2169 sapientis
1193 2129 1368 2160 intuemur
1403 2132 1585 2170 potentem
1625 2130 1780 2162 omnium

987 2188 1023 2215 et
1059 2194 1123 2226 per
1153 2186 1319 2217 universa
1348 2185 1548 2225 dimissum,
1590 2188 1706 2218 omnia
1738 2188 1778 2218 il·

986 2241 1053 2273 lius
1077 2250 1155 2273 esse
1181 2241 1340 2281 dicimus,
1365 2252 1443 2274 eum
1468 2242 1514 2274 ad
1534 2242 1603 2275 hoc
1622 2244 1676 2275 ins
1693 2253 1779 2285 quo-

986 2297 1168 2337 tidianum,
1192 2299 1220 2330 si
1245 2299 1295 2330 ita
1317 2308 1374 2330 res
1400 2299 1531 2339 tulerit,
1557 2302 1672 2342 capite
1698 2311 1778 2333 een-

985 2353 1129 2387 sebitur.
1187 2355 1341 2387 Multum
1379 2356 1548 2395 interest,
1598 2359 1778 2398 possessio

985 2412 1061 2444 eius
1092 2413 1197 2444 animi
1229 2413 1470 2454 magnitudine
1502 2399 1709 2447 aestimetur
1733 2425 1779 2448 an

984 2477 1104 2501 censu.
1130 2468 1218 2502 haee
1242 2471 1408 2502 universa
1432 2469 1562 2503 babere
1587 2471 1631 2504 de
1653 2472 1779 2514 quibus

984 2526 1151 2568 loqueris,
1174 2526 1456 2559 abominabitnr'.

1030 2591 1098 2627 638
1123 2594 1233 2626 dBen.
1270 2595 1337 2627 vn
1369 2595 1390 2629 6
1423 2605 1478 2628 ex.
1516 2596 1668 2638 ‘sapiens
1704 2598 1776 2630 uni-

985 2661 1089 2684 versa
1113 2653 1231 2683 animo
1256 2652 1425 2694 possidet,
1454 2654 1530 2686 inre
1555 2664 1598 2686 ac
1621 2655 1776 2687 dominio

982 2708 1069 2741 sna'.
1096 2726 1138 2732 —
1166 2710 1231 2741 cfr.
1257 2709 1338 2743 ibid.
1368 2720 1399 2742 c.
1426 2709 1447 2743 7
1470 2721 1516 2742 ιιι.
1554 2713 1604 2743 ‘et
1628 2713 1777 2754 sapienti

983 2766 1115 2798 furtum
1138 2770 1258 2808 potest
1281 2761 1367 2800 lieri.
1416 2768 1590 2800 Aufertur
1614 2770 1776 2801 enim·iili

982 2832 1054 2855 non
1078 2832 1123 2854 ex
1149 2823 1204 2855 his
1235 2833 1324 2864 quae
1361 2826 1524 2857 universa
1556 2825 1680 2865 habet,
1713 2827 1775 2859 sed

982 2889 1026 2911 ex
1057 2879 1111 2912 his
1143 2879 1269 2922 quibus
1299 2880 1463 2913 dominus
1500 2883 1687 2924 inscriptus
1722 2887 1775 2916 est

981 2939 1072 2979 quae
1097 2937 1224 2970 viritim
1249 2939 1281 2970 ei
1305 2938 1481 2971 serviunt’.
