1878 3158
905 112 1003 166 109

122 249 262 295 mltos
289 251 398 293 locos
426 254 705 294 Antoninianos
731 256 858 304 aliqua
887 268 933 292 ex
962 262 1071 304 parte
1097 256 1263 292 imitatos
1292 250 1474 304 probent,
1503 263 1549 291 ex
1580 253 1716 302 quibus
1747 253 1787 293 id

121 315 308 364 si'ficere
336 330 516 371 possent,
546 323 779 371 collegenent
807 323 940 360 saltem
970 323 1319 362 Semichristianum
1351 329 1393 360 ut
1419 325 1473 360 ita
1498 325 1680 368 dicamus,
1707 325 1786 361 An-

119 392 294 429 toninum
318 392 447 430 fuisse.
506 391 586 427 Nec
613 392 736 427 minus
767 392 857 427 utile
881 393 1048 428 studium
1075 403 1206 428 eorum
1235 393 1299 440 qui
1329 392 1561 428 Antoninum
1591 404 1667 428 non
1698 392 1787 428 alie-

118 471 210 498 mun
225 460 355 497 -fuisse
385 473 408 496 a
427 459 714 498 Christianismo
744 460 1004 510 demonstrare
1034 460 1198 502 voluere,
1230 460 1284 496 ita
1313 460 1466 508 quidem
1496 467 1548 503 ut,
1580 472 1691 508 quem
1721 461 1786 497 ad-

120 527 205 573 hus
229 539 282 565 ex·-
307 528 397 575 ipso
433 528 513 563 eius
552 527 651 563 libro
695 527 998 565 Christianorum
1034 528 1291 564 adversarium
1327 529 1660 576 cognovissemus,
1703 540 1792 565 eum

120 591 377 662 nete-tamen
402 595 524 633 libros
551 596 701 632 illorum
736 609 865 632 sacros
899 596 1081 634 imitando
1116 596 1347 643 expressisse
1386 603 1426 632 et
1456 597 1693 634 Christianae
1730 607 1787 633 re-

118 663 256 712 ligioni
283 664 497 700 clanculum
523 665 661 700 favisse
690 664 800 700 nobis
830 665 1115 712 persuaderent.
1172 664 1274 713 mad
1311 663 1409 699 enim
1440 665 1520 700 fieri
1549 665 1720 712 potuisse
1748 669 1791 700 ut

119 743 173 768 ne
202 731 282 769 ulla
310 732 465 781 quidem
496 732 733 769 Christianae
763 734 959 781 doctrinae
988 732 1136 767 ratione
1165 731 1296 768 habita
1323 744 1400 768 non
1427 733 1549 768 solum
1573 734 1789 770 Antoninus

121 800 173 837 ad
199 800 305 836 illam
330 801 520 848 quandam
548 801 735 837 sentiendi
767 801 1038 849 cogitandique
1066 801 1252 836 rationem
1279 802 1376 838 adeo
1413 804 1595 850 grandem
1633 804 1788 840 claram—

122 876 197 916 que
225 873 341 916 atque
369 868 579 915 simplicem
606 869 779 913 ferretur,
810 881 941 905 verum
969 869 1082 904 etiam
1112 874 1150 904 et
1179 869 1211 904 is
1242 870 1397 917 quidem
1425 872 1559 907 saltem
1588 873 1715 921 aliqua
1744 884 1791 909 ex

119 941 230 984 pag-te
257 935 405 973 Seneca
433 937 541 972 cuius
570 943 610 973 et
641 937 760 984 ipsius
788 937 900 973 etiam
935 937 1129 973 literarum
1166 949 1251 972 cum
1289 939 1464 985 apostolo
1493 939 1628 976 Paullo
1666 952 1790 977 sermo

122 997 593 1046 dremfflmflffi'nec
621 997 775 1040 aliunde
805 1005 917 1040 etiam
946 1005 1112 1052 pendere
1142 1017 1254 1053 quam
1283 1017 1330 1041 ex
1351 1007 1434 1042 sola
1453 1007 1670 1044 Stoicorum
1689 1009 1791 1056 ipso-

119 1074 204 1107 n'm
243 1070 442 1108 doctrinae
480 1071 649 1119 vestigiis
684 1073 892 1115 concedet,
931 1072 1148 1108 cuiuscuius
1183 1073 1285 1109 facta
1322 1080 1380 1109 est
1420 1063 1557 1111 notitia
1594 1076 1792 1113 doctrinae

119 1137 274 1176 Stoicae
309 1139 546 1186 superiorum
585 1145 810 1187 temporum.
871 1139 948 1175 Nos
985 1141 1139 1188 quidem
1167 1141 1377 1178 iudicamus
1407 1144 1456 1178 ad
1482 1155 1612 1182 eorum
1641 1149 1789 1180 senten-

118 1206 211 1243 fiam
251 1206 318 1255 qui
357 1212 495 1254 putant
537 1209 576 1243 in
618 1208 702 1255 ipsa
746 1208 920 1246 doctrina
964 1208 1179 1245 Stoicorum
1222 1222 1306 1246 esse
1355 1212 1520 1258 positum
1568 1225 1613 1248 ac
1657 1213 1791 1249 funda-

119 1282 201 1312 tun
235 1275 341 1324 quod
382 1275 532 1312 obviam
571 1276 616 1312 fit
653 1276 858 1324 legentium
895 1277 1143 1314 admiratione
1182 1290 1272 1314 sane
1311 1279 1573 1327 dignissimum
1614 1281 1793 1329 idemque

119 1342 336 1391 granditate
372 1344 598 1380 venerabile.
660 1343 808 1388 Quibus
847 1346 1030 1392 expositis
1066 1346 1238 1394 sequitur
1273 1353 1314 1381 ut
1352 1358 1428 1381 non
1456 1347 1572 1387 modo
1602 1359 1679 1383 non
1709 1358 1790 1384 cre·

119 1412 253 1450 damus
281 1423 329 1448 ex
358 1413 477 1448 sacris
505 1412 612 1448 libris
643 1413 827 1449 delibatas
855 1414 984 1461 aliquo
1012 1414 1126 1449 modo
1155 1414 1356 1450 nonnullas
1386 1417 1590 1452 sententias
1614 1418 1790 1465 proponi,

119 1479 191 1516 sed
218 1491 268 1517 ne
296 1480 370 1517 hac
401 1481 554 1529 quidem
583 1492 624 1516 re
653 1481 831 1517 cedamus
859 1481 1018 1518 Bai-thio
1046 1481 1128 1516 viro
1166 1481 1358 1528 quondam
1393 1483 1612 1520 doctissimo
1652 1486 1718 1533 qui
1754 1489 1794 1520 et

118 1548 203 1596 ipae
241 1548 338 1585 alios
378 1552 533 1584 secutus
575 1549 815 1596 quantumvis
855 1549 1091 1597 aliquantulo
1131 1550 1365 1587 moderatius
1409 1564 1520 1600 quam
1557 1552 1790 1596 Bruckerus,

119 1616 355 1654 Antoninum
393 1620 468 1653 non
504 1617 586 1653 sine
623 1616 899 1653 Christianismi
942 1617 1070 1665 aliqua
1110 1617 1328 1665 cognitione
1364 1616 1683 1670 παραγγέλματα
1710 1628 1794 1656 ἐιη

122 1684 339 1733 scripsisse,
369 1685 732 1733 pronuntiavit-⁷¹⁶
797 1685 875 1722 Sed
905 1697 981 1721 uon
1009 1691 1155 1722 tantum
1182 1698 1364 1722 excusare
1393 1699 1462 1734 per
1490 1699 1559 1723 nos
1588 1688 1679 1724 licet
1706 1688 1791 1724 illo-

121 1764 205 1788 rum
241 1753 390 1796 studia,
433 1765 560 1790 verum
600 1754 714 1790 etiam
754 1765 932 1802 purgare.
991 1754 1143 1790 Etenim
1184 1755 1395 1801 periculum
1438 1756 1536 1792 illud
1579 1757 1793 1793 conicieudi

120 1821 298 1859 blandius
336 1833 427 1858 sane
462 1822 586 1858 fuerat
625 1834 736 1870 quam
778 1822 882 1869 quod
917 1823 1152 1858 subtilissimi
1190 1823 1262 1858 viri
1299 1824 1404 1860 docti
1428 1824 1639 1873 *eidemque
1667 1836 1793 1861 rerum

122 1890 335 1927 divinarum
372 1889 605 1938 perstudiosi
646 1890 729 1926 fore
774 1895 816 1926 ut
858 1891 895 1925 in
941 1892 1033 1927 talia
1073 1892 1362 1935 delaberentur,
1409 1893 1603 1940 desperari
1647 1901 1790 1942 posset.

120 1958 272 1995 Nullam
298 1963 424 1995 tamen
455 1957 566 1994 aliem
594 1969 674 1994 rem
703 1953 829 1995 nobis‘
844 1959 1016 1995 videmur
1044 1961 1163 2008 magis
1199 1973 1311 2008 quam
1344 1961 1502 1998 eandem
1543 1961 1642 1998 hanc
1670 1964 1791 1999 Anto-

119 2026 200 2063 nini
228 2037 367 2062 nomen
395 2025 600 2062 honestare
628 2032 743 2074 atque
772 2037 1008 2068 consecrare.
1055 2028 1294 2076 Quamquam
1315 2040 1362 2064 ne
1382 2029 1481 2066 forte
1500 2031 1715 2078 longiorem
1735 2032 1792 2067 di-

122 2095 356 2143 gressionem
384 2106 408 2130 a
434 2096 633 2142 proposito
670 2101 802 2131 nostro
842 2096 946 2143 quod
984 2095 1079 2132 nihii
1113 2096 1186 2131 sibi
1221 2097 1326 2132 aliud
1362 2109 1475 2145 quam
1511 2101 1792 2136 contentionem

121 2156 320 2199 instituere
349 2163 546 2210 utriusque
577 2163 773 2198 doctrinae
805 2163 1202 2212 comparationemque
1232 2165 1329 2208 vult,
1358 2165 1540 2202 faciamus
1569 2179 1669 2204 neve
1699 2169 1791 2205 alio-

121 2241 205 2267 rum
238 2230 352 2267 etiam
386 2229 559 2266 locorum
594 2229 659 2278 qui
694 2241 741 2265 ex
770 2231 956 2266 Antonini
989 2232 1097 2267 libris
1136 2232 1185 2267 ad
1225 2232 1455 2270 fulciendam
1491 2241 1530 2271 et
1555 2237 1793 2283 probandam

122 2299 225 2335 illam
254 2298 479 2335 sententiam
508 2298 615 2346 quasi
644 2297 894 2342 attrahuntur,
923 2296 946 2334 ‘a
971 2300 1170 2336 Brnckero
1200 2300 1339 2336 frustra
1365 2304 1602 2350 quantumvis
1633 2304 1792 2353 diligen-

123 2474 335 2509 Contulerat
359 2477 451 2508 enim
476 2486 552 2509 cum
578 2477 666 2509 aiios
690 2475 789 2508 locos
820 2476 913 2508 iuter
1053 2477 1116 2510 715
1144 2477 1221 2510 vid.
1248 2479 1328 2511 edit.
1355 2485 1514 2513 curatam
1530 2481 1573 2513 ab
1591 2483 1794 2515 Bauio.—

123 2541 180 2573 ιο,
205 2536 277 2564 tum
302 2532 428 2565 hosce:
1006 2533 1143 2566 Cadere
1175 2539 1294 2567 autem
1325 2537 1358 2567 in
1392 2539 1691 2579 comparationem
1716 2549 1793 2572 cum

146 2588 232 2621 Ant.
248 2588 383 2622 Comm.
422 2589 473 2622 111
512 2590 534 2621 4
553 2594 587 2620 et
614 2589 733 2622 1'rim.
760 2590 810 2621 VI
837 2591 889 2621 12.
1006 2592 1199 2624 enunciatis
1235 2592 1479 2633 apostolorum
1513 2595 1680 2637 imprimis
1716 2607 1793 2629 cum

595 2645 812 2678 1115me
859 2648 889 2678 7.
1004 2648 1174 2680 Paullinis
1199 2648 1363 2681 videntur
1383 2659 1454 2683 non
1479 2660 1593 2692 pauca
1619 2655 1722 2686 etiam
1749 2664 1793 2686 ex

409 2701 479 2734 1111
495 2702 539 2734 23
556 2706 592 2734 et
615 2703 717 2735 Rom.
758 2702 812 2735 XI
834 2702 890 2735 36.
1005 2703 1163 2736 Senecae
1189 2705 1286 2738 libris
1311 2712 1413 2739 eruta
1443 2709 1519 2750 (cfr.
1545 2709 1611 2751 Ep.
1640 2712 1724 2750 120,
1752 2711 1794 2743 13

426 2758 477 2790 vl
493 2758 538 2791 39
555 2762 590 2790 et
612 2759 630 2790 1
653 2758 749 2791 Petri
796 2759 812 2790 1
836 2761 891 2792 22.
1006 2764 1041 2792 et
1063 2761 1192 2793 Joanu.
1217 2762 1234 2793 1
1258 2763 1278 2794 ⁵
1304 2780 1343 2786 —
1372 2764 1437 2806 Ep.
1462 2767 1526 2798 108
1552 2768 1596 2798 in.
1626 2771 1661 2798 et
1683 2767 1792 2799 Marc.

394 2813 479 2846 vm
499 2814 538 2846 15
556 2819 591 2847 et
604 2814 729 2847 Matth.
743 2815 811 2848 VII
836 2815 890 2848 26.
1003 2817 1073 2849 1111
1096 2817 1235 2858 3—21).

657 2871 734 2904 διο.
760 2872 812 2904 111
839 2873 891 2904 12.

425 2925 479 2958 XI
520 2927 540 2958 8
558 2931 593 2958 et
617 2927 719 2961 Rom.
758 2929 812 2961 xl
838 2930 891 2961 17.
1052 2931 1119 2964 716
1143 2931 1294 2964 Adverti.
1321 2933 1386 2965 Lx
1409 2943 1442 2976 p.
1471 2934 1571 2967 2931.
