1878 3158
895 80 962 137 Q?

84 231 217 268 1116111111
243 235 328 266 esse
355 222 466 284 facile
491 221 678 266 indicabis
709 219 814 275 quod
845 222 1106 263 definitionem
1143 224 1324 273 sapientis
1359 218 1559 260 instituere
1588 216 1760 260 homines

85 297 208 335 minus
244 297 390 334 debent
426 309 539 345 qnam
572 295 676 343 quod
713 300 848 342 gerant
885 305 1014 330 curam
1054 298 1099 330 ut
1136 294 1230 330 fiant
1271 276 1473 340 sapientes.
1489 290 1566 316 ⁶⁸⁵
1599 311 1654 316 —
1693 289 1760 327 Se-

84 374 181 401 nnea
209 373 298 400 vero
329 364 395 412 qui
418 363 611 400 invehitur
639 374 716 398 11011
747 362 864 398 semel
891 362 928 397 in
956 362 1121 398 rationes
1153 361 1372 397 dialecticas
1388 389 1397 404 ‚
1440 360 1472 395 si
1508 359 1606 395 hanc
1643 364 1763 394 artem

83 431 287 481 nbglegere
314 432 386 469 vel
408 442 588 479 spernere
617 443 661 467 66
691 437 934 467 contemnere
958 434 1150 477 pergeret,
1180 429 1403 476 praesertim
1433 439 1519 463 cum
1555 427 1595 462 in
1636 411 1761 462 animo

85 500 272 544 eismt,
311 500 464 536 uberius
503 511 600 548 quae
637 500 871 548 cogitatione
901 498 1101 547 proposita
1130 497 1306 540 tenebat,
1340 507 1524 540 ¹enarrare
1553 500 1668 542 atque
1697 505 1761 530 ex—

83 574 241 616 Ῑιαιαος
268 579 345 603 11011
374 568 547 604 confiteri
577 579 654 604 non
683 568 810 615 potuit
839 579 976 615 magno
1006 578 1047 603 se
1076 577 1191 614 opere
1222 577 1360 601 errare.
1420 566 1550 612 Atque
1579 575 1627 599 ex
1654 563 1762 598 libris

85 635 342 684 &amemini
370 635 482 672 facile
512 636 691 672 collectio
721 636 816 671 haec
844 636 888 671 fit
915 642 956 671 nt
982 633 1182 670 invehatur
1211 633 1373 668 maxime
1403 632 1442 667 in
1480 632 1595 667 istum
1629 631 1764 667 ludum

83 703 294 743 litem-iun
328 703 645 752 philosophorum
685 705 750 752 qni
788 716 868 740 rem
898 695 1321 750 magnificentissimam’
1336 700 1385 736 ad
1415 699 1580 747 syllabas
1611 706 1762 740 vocant,

85 757 161 821 quis
179 773 345 808 animum
372 773 517 809 minuta
543 772 720 808 docendo
740 772 955 809 ,demittunt
992 775 1031 806 et
1070 767 1383 812 6011161·11111;,’”>θ6
1428 773 1552 804 tamen
1593 767 1762 815 paullum

85 845 221 877 caveat
246 841 424 889 opinetur
452 841 611 878 multum
641 840 774 876 abesse
803 841 893 888 quin
923 840 962 875 111
989 838 1073 875 istis
1094 838 1350 875 subtilissimis
1371 849 1416 873 ac
1442 835 1621 884 captandi
1647 835 1763 871 verba

85 908 350 946 amma-simis
379 909 492 946 etiam
519 909 602 957 ipse
630 908 827 945 habeatur.

119 1200 137 1207 ·»
197 1178 288 1219 ,ἕο
312 1180 490 1216 omnibus
519 1179 703 1227 expositis
735 1180 883 1227 species
911 1178 979 1215 illa
1007 1178 1215 1226 sapientiae
1245 1178 1366 1226 qualis
1397 1178 1435 1212 in
1460 1177 1658 1224 utriusque
1679 1175 1761 1223 phi-

85 1233 237 1294 losophi
263 1253 390 1283 mente
415 1247 610 1291 insederit,
639 1253 843 1296 postquam
871 1249 963 1285 satis
995 1248 1120 1284 adhuc
1152 1253 1191 1283 et
1218 1246 1329 1282 facile
1361 1245 1501 1281 dixeris
1517 1273 1525 1288 ‚
1557 1245 1658 1279 iusto
1685 1255 1761 1278 am-

85 1315 186 1362 plius
214 1315 491 1363 inquisivimus,
518 1316 583 1351 ad
622 1327 680 1350 ea
713 1328 853 1363 quae
892 1316 1252 1364 singillatim
1287 1312 1599 1350 tractanda
1632 1323 1761 1359 pro-

85 1395 111 1430 p
126 1393 150 1419 0
166 1395 184 1419 s
202 1394 225 1418 11
241 1382 255 1418 1
270 1394 308 1418 m
322 1394 346 1418 u
361 1396 379 1418 s
418 1395 443 1430 p
459 1394 479 1417 e
494 1394 514 1417 r
529 1394 554 1430 g
569 1394 592 1417 a
606 1395 642 1418 m
660 1396 681 1418 u
699 1396 728 1419 s.
788 1384 904 1420 Libet
933 1389 1058 1420 autem
1090 1383 1248 1420 eandem
1276 1382 1384 1430 sequi
1414 1381 1657 1429 partitionem
1688 1391 1763 1427 qua

84 1451 123 1486 in
153 1451 392 1498 expositione
423 1450 648 1498 disciplinae
677 1452 875 1500 utriusque
904 1454 963 1489 usi
995 1464 1135 1488 sumus.

196 1588 278 1626 Et
302 1579 536 1636 primum
566 1587 788 1635 quidem
816 1588 1119 1624 formulam
1149 1599 1246 1636 quae
1278 1585 1548 1623 constituenda
1572 1590 1632 1621 est
1651 1596 1763 1632 quam

86 1659 118 1694 si
146 1664 235 1694 sunt
263 1658 328 1706 qui
356 1662 563 1705 sequantur
592 1656 630 1691 in
660 1658 943 1704 comparatione
971 1656 1180 1700 rerum‚·ab
1203 1655 1331 1691 officio
1358 1667 1551 1702 nunquam
1570 1654 1763 1696 recedent,

87 1726 250 1774 qualem·
264 1726 442 1762 statuerit
469 1732 508 1761 et
532 1737 608 1773 quo
636 1725 677 1760 id
706 1726 821 1761 modo
852 1726 1064 1773 exprimere
1093 1725 1218 1761 verbis
1246 1723 1477 1766 instituerit,
1506 1722 1629 1758 facilis
1660 1733 1761 1756 com-

84 1793 233 1841 pantio
272 1794 362 1830 erin
414 1794 487 1830 Est
519 1793 619 1829 enim
659 1793 877 1841 utriusque,
921 1797 953 1830 si
994 1795 1306 1842 inaequalitatem
1340 1791 1615 1827 vocabulorum
1652 1801 1763 1837 quam

85 1862 299 1910 linguarum
329 1861 521 1909 disparilis
551 1866 688 1896 natura
716 1861 895 1897 effecerat
909 1890 918 1905 ‚
961 1862 1152 1910 excipies,
1197 1862 1329 1897 eadem
1358 1860 1556 1896 sententia.
1617 1857 1762 1894 Seneca

87 1931 240 1980 quidem
270 1930 336 1980 qui
364 1934 494 1966 censet
521 1927 595 1964 1106
623 1934 803 1982 tanquam
832 1942 1017 1966 summum
1040 1936 1178 1981 petere
1207 1929 1378 1965 homines
1407 1928 1566 1970 debere,
1598 1932 1641 1962 ut
1670 1937 1760 1961 con-

85 2004 266 2046 grusnter
303 1997 650 2044 convenienterque
695 1996 823 2032 vivant
865 2004 1023 2034 naturae
1063 1997 1250 2034 humanae
1299 1998 1498 2044 eidemque
1550 1994 1760 2036 universae,

84 2066 179 2103 nihil
217 2066 320 2102 alind
361 2066 435 2102 sibi
463 2066 544 2102 vult
581 2077 694 2113 quam
722 2066 938 2102 Antoninus
982 2078 1095 2115 quem
1134 2068 1272 2104 scimus
1301 2077 1487 2101 summum
1514 2063 1761 2111 proposuisse

85 2131 133 2172 τὸ
171 2130 506 2185 ὁμολογουμένως
541 2131 663 2184 βιοῦν
703 2130 753 2184 τῇ
793 2132 913 2183 φύσει
953 2131 1004 2185 τῇ
1043 2132 1160 2186 κοινῇ
1197 2132 1265 2172 καὶ
1303 2130 1554 2186 ἀνθρωπίνῃ.
1623 2131 1761 2167 Parem

52 2250 54 2253 ι
86 2214 173 2239 611111
205 2201 280 2238 1106
317 2211 464 2237 summo
502 2201 605 2236 bono
635 2200 782 2237 Seneca
819 2202 958 2250 quodsi
992 2201 1149 2238 exhibet
1181 2203 1331 2238 virtutis
1360 2208 1533 2238 naturam
1561 2205 1601 2235 61
1627 2199 1761 2234 vitium

16 2273 19 2277 '
86 2271 194 2320 quod
221 2270 453 2307 contrarium
489 2269 638 2305 virtutis
674 2275 757 2311 est,
802 2281 987 2305 summum
1030 2270 1169 2305 malum
1206 2276 1245 2306 et
1277 2283 1300 2305 a
1334 2275 1471 2306 natura
1509 2266 1761 2303 defectionem

86 2339 290 2383 existimat,
318 2349 390 2374 1166
420 2338 531 2374 aliter
560 2349 601 2373 se
628 2348 690 2373 res
718 2336 856 2380 habet,
898 2337 932 2373 si
965 2338 1015 2373 ad
1042 2338 1338 2374 Antoninianam
1366 2333 1516 2389 ἀρετὴν
1546 2340 1761 2382 spectamus

87 2414 153 2444 aut
187 2404 335 2446 κακίαν
373 2418 486 2455 quam
525 2406 679 2453 quidem
720 2406 840 2442 multo
876 2406 1016 2442 certius
1052 2411 1246 2455 tanquam,
1270 2419 1292 2442 a
1320 2411 1458 2441 natura
1484 2404 1761 2439 abalienantem

86 2480 307 2512 exsecratur
345 2474 552 2521 imperator
586 2473 838 2523 philosophus
870 2486 984 2522 quam
1013 2473 1267 2524 philosophus
1298 2473 1440 2509 rhetor.
1499 2473 1658 2509 Praeter
1686 2470 1760 2505 vir-

86 2549 207 2581 tutem
234 2543 329 2579 nihil
354 2543 491 2580 borum
520 2544 567 2580 ab
588 2543 784 2579 Antonino
814 2535 1055 2589 proponitur,
1088 2543 1178 2578 dum
1208 2543 1319 2578 etiam
1349 2546 1501 2588 praeter
1528 2539 1634 2574 illam
1661 2539 1763 2574 bona

87 2623 170 2647 esse
189 2610 336 2647 Seneca
363 2612 455 2657 vult,
486 2618 742 2648 verumtamen
773 2618 833 2647 sat
863 2611 1017 2647 definite
1045 2623 1067 2646 a
1097 2622 1244 2646 summo
1272 2611 1374 2645 bono
1404 2607 1640 2644 internoscit.
1683 2606 1760 2654 Igi-

87 2686 150 2715 tur
189 2690 236 2716 eo
276 2678 400 2716 minus
443 2681 519 2717 erit.
557 2693 626 2716 cur
663 2686 839 2727 putemus
876 2679 913 2713 in
952 2690 997 2714 6ο
1036 2690 1191 2726 operam
1220 2678 1457 2716 Antoninum
1485 2676 1691 2713 contulisse
1722 2681 1763 2709 ut

133 2789 201 2826 685
226 2791 262 2823 Χ
290 2790 332 2826 16
374 2788 515 2832 6μηκέθ’
555 2786 651 2827 ὅλως
686 2789 769 2833 περὶ
807 2790 876 2822 τοῦ
970 2787 1039 2832 δρα
1066 2786 1122 2821 δεῖ
1151 2786 1406 2830 (διαλέγεσθαι,
1439 2785 1533 2820 ἀλλὰ
1562 2782 1654 2818 εἶναι
1685 2793 1761 2816 τοι-

42 2860 49 2867 ·
87 2845 171 2882 οἷόν
215 2856 302 2880 τινα
347 2843 440 2880 εἶναι
494 2845 562 2879 τὸν
615 2847 757 2891 ἀγαθὸν
810 2845 876 2880 ἄν·
969 2848 1107 2880 οῦτον’,

1018 2902 1085 2938 686
1110 2905 1200 2947 Epp.
1226 2903 1283 2944 71,
1309 2902 1341 2936 6.
1387 2899 1443 2940 90,
1469 2899 1525 2934 25.

1483 2970 1501 3000 7
