1878 3158
674 91 683 98 -
751 57 803 67 ”
926 75 1002 148 761

83 210 265 274 QUO:
274 217 428 256 nomina
453 230 523 268 per
547 230 588 257 se
615 218 701 268 ipsa
729 230 815 255 cum
842 217 938 254 nihil
965 218 1144 267 probent,
1177 222 1243 254 aut
1263 228 1341 254 non
1359 212 1526 265 probent
1544 214 1646 254 unde
1665 216 1810 253 factum

21 311 27 315 ·
51 332 77 341 „,
134 293 312 345 putemus
340 295 383 326 ut
411 287 716 341 comprobaverit
742 286 868 323 media
898 297 1006 330 esse,
1047 284 1259 334 paullulum
1294 285 1573 334 inspiciendum
1609 296 1692 322 esse
1721 296 1808 322 cen-

134 368 275 398 nemus.

248 425 379 477 Vitam
411 424 565 474 quidem
594 423 737 460 bonum
767 435 850 460 esse
877 435 922 459 ac
952 426 1111 460 mortem
1139 421 1278 457 malum
1309 421 1438 470 opinio
1469 426 1528 458 est
1553 420 1674 457 levius
1696 419 1809 458 aesti-

134 493 330 533 muntium.
390 492 506 538 Quod
533 492 751 529 Antoninus
780 497 927 528 tantum
957 491 1066 528 abest
1092 496 1135 526 ut
1170 483 1380 534 concedat,
1423 494 1466 526 ut
1500 501 1572 526 nec
1608 489 1633 525 b
1652 501 1675 525 o
1691 501 1715 524 n
1731 501 1810 526 um

67 558 74 565 ’
134 562 307 615 vitam
344 571 428 598 esse
467 572 539 597 nec
576 561 772 596 malum
799 565 1032 596 mortem
1060 556 1163 595 vent.
1221 558 1375 595 Etenim
1405 563 1543 594 cuncta
1569 557 1635 594 illa
1662 549 1702 593 in
1730 558 1811 593 vita

10 602 47 618 ι,
94 626 297 681 ,ἬιὶῌιαΙια
325 629 448 666 offusa
476 635 566 665 sunt
592 629 800 677 &agilitate
830 634 945 678 atque
984 626 1203 663 infirmitate
1236 626 1399 674 caligine
1441 637 1486 662 ac
1524 627 1659 670 sorde,
1702 631 1810 662 tanto
1856 636 1861 640 ’

132 697 315 746 materiae
343 697 526 746 temporis
554 703 726 733 motuum
756 702 1021 746 motatumque
1056 707 1183 732 rerum
1222 695 1328 732 fluxu
1344 722 1354 738 ‚
1398 694 1525 730 omnia
1562 694 1642 730 fere
1683 693 1812 730 studia

14 786 22 793 -
54 782 85 799 .=
114 750 295 806 'hnmana
322 765 544 820 plenis-sima
572 765 750 802 vanitatis
776 771 890 814 atque
919 764 1113 801 inanitatis
1129 791 1139 808 ,
1154 763 1231 788 44⁹
1274 769 1380 800 tanto
1408 763 1447 798 in
1476 762 1549 799 hac
1578 762 1811 811 cogitatione

54 903 83 913 ”’
129 904 334 954 peregrino
362 901 610 939 moram.⁴⁵⁰
653 901 741 938 Huc
771 907 921 949 spectat
948 900 1041 936 mire
1072 900 1216 937 dictum
1246 900 1392 948 aliquid
1412 899 1600 936 Antonini
1619 899 1808 937 Caesareo
1860 927 1870 936 t

0 1010 8 1019 ,
60 975 71 985 ’
130 971 188 1012 illi
213 971 248 1021 si
276 970 570 1008 contractiorem
595 969 781 1017 loquendi
809 964 1210 1022 rationemssrespicias,
1232 967 1336 1004 haud
1358 967 1552 1012 dissimile,
1574 979 1706 1004 verum
1726 979 1810 1004 sen-

129 1051 214 1076 sum
231 1039 265 1076 si
284 1046 448 1087 spectes,
468 1037 634 1074 alienum
651 1037 829 1087 idemque
850 1043 980 1085 aptum
1001 1038 1102 1075 unde
1124 1037 1310 1076 efficiatur
1332 1047 1444 1084 quam
1464 1035 1650 1072 submisse
1666 1036 1715 1072 de
1729 1035 1809 1072 vita

56 1131 61 1135 «
130 1105 456 1157 cogitaverit.⁴⁵¹
519 1105 648 1142 Etiam
688 1106 762 1142 alia
801 1106 1002 1142 accedunt.
1060 1105 1186 1143 Huius
1225 1105 1380 1154 quidem
1415 1103 1516 1140 vitae
1548 1105 1714 1152 spatium
1737 1115 1809 1153 per

118 1170 226 1225 quot
253 1173 446 1212 molestias
461 1201 471 1218 ,
514 1186 602 1210 cum
641 1174 779 1222 quibus
819 1173 1035 1210 homiuibus
1051 1201 1061 1218 ‚
1108 1174 1148 1209 in
1181 1174 1285 1223 quali
1315 1173 1544 1221 corpusculo
1575 1172 1810 1209 exantlatum

128 1243 196 1292 'qui
224 1242 502 1287 intellexerint,
531 1247 612 1278 tum
640 1243 823 1290 temporis
850 1242 1049 1290 praeteriti
1077 1242 1381 1288 immensitatem,
1412 1242 1578 1290 denique
1605 1241 1723 1279 futuri
1750 1241 1808 1277 in*-

127 1310 427 1355 finitatem,⁴⁵2
460 1323 551 1347 num
583 1310 676 1358 quid
702 1321 859 1347 caussae
886 1315 945 1346 est
973 1323 1040 1346 cur
1069 1322 1115 1347 eo
1145 1311 1210 1359 qui
1239 1316 1316 1347 tres
1348 1311 1428 1347 dies
1458 1311 1630 1354 vixerat,
1660 1309 1807 1346 felicio·
1837 1332 1840 1334 -

124 1372 207 1416 'rom
245 1380 470 1428 praedicent
508 1391 593 1416 eum
634 1379 699 1428 qui
736 1378 889 1414 saecula
930 1378 1003 1414 tria
1039 1384 1296 1426 transegerat,
1333 1384 1371 1416 et
1405 1379 1513 1415 brevi
1542 1378 1622 1414 vita
1651 1377 1807 1426 longam
1821 1404 1848 1418 Α,

128 1447 347 1492 meliorem,
386 1460 457 1484 nec
489 1453 630 1496 negent
665 1448 782 1484 vitam
810 1447 932 1499 ipsam
960 1447 1104 1483 bonum
1134 1459 1217 1484 esse
1247 1452 1286 1483 et
1313 1447 1455 1484 fumum
1484 1447 1650 1483 humana
1679 1445 1822 1482 omnia

127 1520 242 1566 itque
277 1516 438 1552 evanida
475 1515 566 1552 vilia
608 1515 887 1552 contemnenda
926 1515 1085 1552 sordida
1121 1515 1267 1555 caduca
1295 1516 1475 1552 mortua?
1492 1515 1568 1540 4⁶³
1629 1516 1682 1552 Et
1712 1519 1808 1568 quot

126 1647 211 1694 θοῖς
240 1645 305 1680 καὶ
333 1648 411 1685 τοῖς
442 1649 570 1686 κακοῖς
597 1644 685 1681 οὔτε
709 1647 804 1682 καλὰ
828 1644 920 1682 ὄντα

128 1698 218 1737 οὔτε
254 1702 401 1749 αἰσχρά.
463 1700 551 1738 Οὗτ’
583 1701 637 1750 ἄρ’
675 1703 795 1747 ἀγαθά
830 1701 919 1738 οὔτε

128 1759 226 1794 κακά
248 1758 350 1794 ἐστι’.

170 1819 239 1852 449
268 1819 302 1851 V
334 1820 376 1851 10
436 1815 488 1850 ιἐν
517 1817 677 1863 τοιούτῳ
708 1812 781 1853 οὖν
811 1816 920 1863 ςόφῳ

127 1873 192 1908 καὶ
219 1873 324 1920 ῥύπῳ
355 1864 418 1909 καὶ,
452 1875 620 1919 τοσαύτῃ
651 1874 758 1921 ῥύσει
786 1877 852 1918 τῆς
881 1884 921 1908 τε

127 1929 255 1968 οὐσίας
284 1930 347 1965 καὶ
377 1932 446 1965 τοῦ
475 1931 617 1976 χρόνου
641 1931 704 1966 καὶ
727 1934 791 1976 τῆς
815 1932 919 1975 κινή-

126 1997 218 2026 σεως
242 1987 306 2022 καὶ
327 1989 402 2022 τῶν
427 1988 659 2032 κινουμένων
683 1988 720 2023 τί
742 1987 824 2023 ποτ’
843 1987 923 2023 ἐστὶ

126 2043 170 2078 τὸ
193 2043 443 2089 ἐκτιμηθῆναι
459 2041 484 2091 ἥ
503 2044 546 2078 τὸ
561 2041 657 2084 ὅλως
674 2043 920 2090 σπουδασθῆ-

127 2110 191 2134 ναι
216 2097 427 2144 δυνάμενον
452 2099 529 2135 οὐδ’
556 2101 716 2137 ἐπινοιΞῗ.

173 2158 242 2191 450
265 2159 301 2191 11
326 2159 367 2191 17
417 2157 450 2191 ‘6
484 2155 524 2191 δὲ
555 2158 635 2200 βίος
665 2159 827 2203 πόλεμος
858 2158 921 2194 καὶ

129 2212 244 2259 ξένου
267 2210 463 2258 ἐπιδημίιί.

173 2270 239 2304 451
266 2271 318 2304 111
341 2272 361 2304 3
401 2269 451 2304 ιτί
474 2271 610 2314 ταῦτα;
633 2270 762 2315 ἐνέβης
785 2269 918 2307 ἔπλευ-

128 2336 194 2366 σας
215 2327 408 2371 κατήχθης
421 2338 428 2346 ·

172 2386 240 2419 452
264 2385 335 2417 1111
362 2386 407 2419 50
467 2381 572 2420 ίὸλον
601 2385 736 2431 μικρόν
764 2384 846 2420 ἐστι
875 2385 918 2420 τὸ

128 2438 314 2486 διάστημα
336 2441 400 2476 καὶ
422 2443 536 2476 τοῦτο
562 2439 607 2476 δι’
626 2437 726 2478 ὅσων
750 2442 814 2476 καὶ
835 2441 918 2487 μεθ’

127 2497 219 2533 οἴων
248 2497 549 2544 ἐξαντλούμενον
581 2498 644 2532 καὶ
673 2498 714 2536 ἐν
746 2497 812 2544 οἴῳ
847 2509 920 2534 σω-

126 2555 244 2600 ματίφ
266 2555 319 2599 μὴ
344 2551 416 2591 οὖν
437 2555 487 2594 ὡς
509 2557 657 2602 πρᾶγμα
673 2575 718 2582 —
742 2575 786 2582 —
809 2557 923 2600 βλέπε

127 2611 195 2658 γὰρ
220 2612 338 2647 ὀπίσω
370 2613 414 2647 τὸ
447 2613 580 2658 ἀχανὲς
607 2615 677 2647 τοῦ
702 2613 836 2652 αἰῶνος
859 2614 922 2648 καὶ

128 2666 173 2702 τὸ
196 2668 326 2714 πρόσω
350 2666 443 2704 ἄλλο
467 2667 634 2717 ἄπειρον.
670 2670 735 2705 Ἐν
761 2668 807 2714 ὀὴ
831 2670 920 2705 τού-

127 2734 180 2771 τῳ
203 2724 242 2759 τί
264 2723 434 2771 διαφέρει
458 2726 479 2760 ό
503 2728 700 2774 τριήμερσς
718 2729 788 2762 τοῦ
801 2737 920 2774 τριγε-

127 2780 298 2827 ρηνίου,·’

173 2840 241 2873 453
266 2841 302 2874 11
327 2843 368 2875 12
402 2840 491 2878 ιπῶς
513 2840 635 2875 πάντα
665 2841 804 2887 ταχέως
834 2840 918 2875 ἐνα-

129 2895 339 2943 φανίςεται,
364 2895 416 2943 τῷ
438 2894 508 2941 μὲν
533 2897 660 2945 κόσμῳ
677 2898 772 2935 αὐτὰ
782 2898 829 2934 τὰ
844 2899 917 2934 σώ-

1009 1656 1125 1691 ματα,
1156 1646 1207 1693 τῷ
1241 1645 1280 1681 δὲ
1312 1647 1420 1682 αἰῶνι
1449 1646 1487 1681 αἱ
1517 1649 1660 1691 μνῆμαι
1683 1646 1825 1680 αὐτῶνε

1011 1723 1055 1729 -
1078 1723 1123 1728 -
1147 1706 1225 1743 πῶς
1244 1702 1375 1748 εὐτελῆ
1401 1703 1464 1738 καὶ
1494 1702 1808 1750 εὐκαταφρόνητα

1011 1761 1075 1796 καὶ
1103 1761 1251 1808 ῥυπαρά
1275 1760 1338 1795 καὶ
1368 1758 1572 1807 εὔφθαρτα
1595 1759 1658 1794 καὶ
1680 1760 1806 1806 νεκρά,

1011 1821 1143 1864 νοερᾶς
1174 1816 1364 1862 δυνάμεως
1393 1817 1615 1864 ἐφιστάναί.
1646 1837 1691 1843 -
1737 1819 1808 1852 vn

1014 1878 1056 1910 19
1108 1873 1182 1909 ιδιὰ
1206 1877 1271 1917 τῆς
1294 1877 1370 1908 τῶν
1394 1870 1502 1910 ὅλων
1519 1873 1648 1913 οὐσίας
1671 1874 1720 1913 ὡς
1745 1872 1807 1908 διὰ

1012 1931 1217 1978 χειμάρρου
1238 1929 1516 1978 ὁιεκπορεύεται
1532 1932 1654 1965 πάντα
1672 1930 1717 1964 τὰ
1732 1931 1806 1965 σώ-

1011 2000 1110 2034 ματα
1133 1989 1184 2035 τῷ
1201 1984 1277 2034 ὅλῳ
1303 1990 1460 2034 συμφυῆ
1486 1987 1549 2022 καὶ
1573 1987 1735 2034 συνεργὰ
1758 1987 1807 2026 ὡς

1012 2045 1058 2079 τὰ
1092 2045 1253 2091 ἡμέτερα
1285 2044 1380 2091 μέρη
1418 2044 1604 2089 ἀλλήλοις.
1652 2044 1806 2083 Πόσους

1009 2099 1084 2147 ἤδη
1100 2102 1120 2136 ὁ
1136 2102 1228 2136 αἰών
1247 2101 1506 2148 Χρυσίππους,
1521 2101 1664 2141 πόσους
1675 2101 1805 2137 Ἐπικ-

1010 2159 1146 2203 τήτους
1177 2158 1420 2194 καταπέπωκε
1428 2157 1456 2202 ;’
1500 2178 1545 2184 -
1584 2161 1621 2192 X
1645 2161 1687 2193 31
1723 2154 1804 2194 ‘013-

1010 2226 1080 2254 τως
1103 2215 1170 2261 γὰρ
1195 2216 1361 2259 συνεχῶς
1383 2215 1504 2260 θεάσῃ
1522 2215 1568 2250 τὰ
1585 2215 1806 2262 ἀνθρώπινα

1011 2271 1156 2306 καπνὸν
1181 2270 1244 2306 καὶ
1268 2272 1311 2306 τὸ
1335 2269 1464 2316 μηδέν.
1482 2291 1527 2297 -
1549 2273 1622 2306 XII
1636 2275 1678 2306 27
1716 2272 1804 2306 ιποῦ

1011 2330 1082 2362 νῦν
1106 2329 1227 2362 πάντα
1249 2328 1373 2363 ἐκεῖνα
1379 2341 1393 2371 ;
1416 2328 1556 2367 καπνὸς
1580 2328 1643 2363 καὶ
1665 2325 1806 2367 σποδὸς

1012 2384 1075 2420 καὶ
1097 2386 1220 2429 μῦθος
1242 2381 1267 2431 ἦ
1292 2383 1380 2420 οὐδὲ
1404 2384 1549 2430 μῦθος-ἲ
1586 2404 1626 2409 -
1667 2386 1739 2419 ΙΙΠ
1759 2387 1804 2419 48

1014 2441 1069 2476 (τὸ
1089 2441 1157 2489 γὰρ
1172 2438 1291 2485 <nom
1315 2439 1480 2477 κατιδεῖν
1504 2441 1562 2477 ἀεὶ
1585 2441 1631 2476 τὰ
1654 2440 1803 2488 ἀνθρώ-

1012 2509 1102 2533 πινα
1125 2498 1173 2538 ὡς
1197 2498 1368 2546 ἐφήμερα
1392 2499 1455 2534 καὶ
1485 2498 1635 2543 εὐτελῆ·
1673 2498 1737 2534 καὶ
1766 2498 1803 2534 ἐ-

1011 2555 1105 2602 χθὲς
1124 2555 1193 2600 μὲν
1216 2556 1413 2603 μυξάριον,
1439 2553 1574 2603 αὔριον
1590 2554 1630 2590 δὲ
1652 2557 1804 2604 τάριχος

1011 2611 1035 2659 ἢ
1067 2612 1210 2660 τέφρα’.
1244 2632 1288 2638 -
1335 2615 1418 2648 ibid.
1443 2616 1487 2648 43
1540 2611 1718 2658 (ποταμός
1748 2624 1803 2652 τις

1011 2669 1054 2705 ἐκ
1079 2671 1153 2704 τῶν
1176 2668 1382 2713 γινομένων
1406 2669 1469 2705 καὶ
1490 2671 1609 2718 ῥεῦμα
1631 2671 1757 2715 βίαιον
1781 2670 1802 2704 ὁ

1011 2726 1114 2761 αἰών.
1162 2722 1238 2771 ἅμα
1261 2738 1302 2762 τε
1324 2725 1391 2774 γὰρ
1416 2724 1532 2774 ὤφθη
1555 2725 1716 2762 ἕκαστον
1740 2726 1803 2761 καὶ

1010 2784 1283 2829 παρενήνεκται
1314 2783 1375 2818 καὶ
1405 2781 1498 2819 ἄλλο
1534 2784 1800 2831 παραφέρεται,

1009 2840 1053 2875 τὸ
1078 2839 1119 2875 δὲ
1142 2839 1407 2886 ἐνεχθήσεταί.
1434 2861 1480 2867 -
1518 2843 1600 2877 ibid.
1625 2844 1669 2876 33
1713 2840 1801 2886 ιἐξί-

1009 2898 1104 2944 τηλα
1127 2896 1195 2946 γὰρ
1218 2899 1341 2935 πάντα
1363 2899 1425 2934 καὶ
1441 2897 1602 2946 μυθώδη
1626 2898 1722 2945 ταχὺ
1744 2898 1800 2944 γί-
