1878 3158
913 93 986 151 53

106 245 263 277 natum
276 244 316 276 et
328 237 514 277 humanae
529 245 569 277 et
583 238 779 276 universae
793 239 934 276 rationi
948 250 1025 276 non
1045 239 1168 275 solum
1188 238 1436 284 studere‚³⁷⁶
1470 239 1539 276 sed
1554 239 1719 276 vivere.³
1729 239 1747 265 7
1758 240 1778 265 7

105 308 213 346 Haeo
242 313 369 345 autem
396 309 514 345 verba
541 308 924 358 quibus·seeuturum
948 319 990 344 se
1007 306 1286 356 promittit³⁷⁸
1318 313 1492 346 naturam
1513 307 1782 344 convenienter

104 377 246 413 rationi
286 376 485 425 eidemque
523 376 624 412 vitae
664 376 840 413 societati
858 405 867 421 ‚
927 376 1020 425 qnid
1062 374 1136 412 sibi
1177 375 1343 412 volunt?
1402 375 1683 412 Convenienter
1721 387 1781 412 ra-

103 444 202 482 tioni
238 445 367 482 vivero
402 455 529 480 nonne
563 443 667 480 idem
705 445 778 481 erit
816 451 931 494 atque
956 455 1070 492 agere
1099 443 1216 481 vitam
1245 443 1516 481 convenienter
1533 449 1692 482 naturae
1711 444 1781 481 hu-

27 536 39 549 .
103 518 261 558 manae,
307 517 493 562 quatenns
519 511 696 560 praedita
723 513 872 550 ratione
912 520 1049 550 natura
1075 511 1272 549 hominum
1300 510 1474 549 habetur.
1532 513 1647 551 Adde
1676 513 1782 563 quod

102 580 145 620 in
161 579 261 617 lune
281 581 507 617 sententiam
528 580 758 628 disputavit,
789 586 832 618 ut
859 592 957 630 quae
986 580 1197 618 secundm
1221 584 1397 616 naturam
1425 580 1486 624 sit,
1516 582 1619 618 aetio
1648 582 1781 618 eadem

103 648 313 687 mnndum
337 649 524 686 rationem
560 649 610 685 sit
624 648 699 673 ³⁷⁹
746 660 818 685 nec
852 649 927 686 alia
955 661 1069 698 quam
1097 647 1293 685 hominum
1322 648 1424 685 aetio
1451 649 1600 686 ratione
1627 651 1780 699 praedi-

90 721 241 754 torum
274 735 323 744 —
357 715 436 754 Sed
461 707 600 754 fuera?
613 718 652 753 in
679 717 807 753 medio
836 729 951 766 supra
978 717 1156 754 relietum
1195 716 1290 765 quid
1326 716 1430 753 vitae
1465 717 1628 754 societas
1666 725 1779 755 esset.

104 783 224 822 euius
251 784 446 821 societatis
476 785 584 822 notio
614 785 736 834 qualis
766 786 816 822 sit
846 786 936 822 inde
963 797 1010 823 ex
1035 786 1130 834 ipsis
1158 785 1214 822 eis
1241 785 1478 834 intellegitur
1506 797 1603 834 quae
1632 786 1683 823 ad
1711 786 1779 822 ho-

103 853 247 889 minum
264 858 438 889 naturam
455 853 668 900 praeditam
695 854 935 891 ratione³⁸⁰
969 866 1045 903 qua
1071 854 1256 891 innitatur
1282 854 1447 902 primum
1474 853 1670 891 hominum
1701 860 1780 892 stu-

105 921 210 957 dium
237 920 338 957 vitae
365 921 661 965 societatis,³⁸1
695 922 901 970 pertinent.
960 922 1049 960 Euo
1076 924 1197 971 igitur
1224 926 1375 969 spectat
1403 922 1508 970 quod
1538 924 1604 971 qui
1632 923 1781 959 ratione

103 999 147 1025 se
169 988 365 1037 praeditos
396 999 479 1025 esse
513 989 752 1027 meminerint
785 1002 858 1027 nee
894 991 996 1028 vitae
1029 991 1142 1028 finem
1172 1002 1241 1028 seu
1278 991 1415 1027 summi
1442 991 1535 1028 boni
1561 997 1782 1039 proponant

103 1056 177 1093 sihi
204 1060 384 1106 oportere
413 1069 578 1106 unquam
607 1057 903 1102 obliviscantur,
936 1058 1073 1094 horum
1099 1058 1199 1095 hano
1229 1071 1313 1096 esse
1343 1071 1430 1096 cum
1458 1059 1592 1096 alienis
1618 1059 1779 1095 societa-

103 1114 202 1170 tem,
244 1129 288 1162 ut
324 1125 374 1162 ad
407 1137 520 1174 quam
558 1138 688 1163 omnes
727 1125 900 1163 homines
942 1125 1124 1163 destinati
1159 1132 1386 1172 nascantur,
1426 1133 1569 1165 censet.
1630 1127 1779 1173 Quibus

104 1193 290 1241 expositis
329 1194 618 1244 explanatisque
650 1206 853 1243 pergamus
891 1201 1028 1233 natura
1074 1196 1167 1233 boni
1216 1200 1257 1233 et
1299 1195 1391 1233 mali
1441 1196 1564 1246 qualis
1604 1197 1678 1241 sit,
1722 1197 1779 1233 in-

106 1272 270 1310 qun-ere.

218 1462 307 1502 Nee
336 1475 427 1501 vero
457 1464 580 1501 solum
610 1465 703 1514 quid
729 1465 871 1502 bonum
899 1467 967 1510 sit,
1010 1471 1049 1503 et
1082 1466 1222 1504 malum
1257 1467 1350 1517 quid
1388 1467 1462 1512 sit,
1497 1466 1598 1504 hano
1632 1469 1673 1505 in
1703 1469 1778 1506 dis-

105 1528 358 1581 ceptationem
396 1533 614 1578 vocabitur,
660 1545 791 1570 verum
829 1534 943 1570 etiam
982 1540 1110 1572 cetera
1148 1536 1274 1572 sintne
1310 1536 1426 1584 pretii
1467 1536 1671 1573 alienius*
1728 1539 1780 1575 Et

56 1638 63 1644 ,
104 1600 211 1636 cuius
252 1600 404 1649 quidem
442 1601 556 1649 pretii
598 1602 675 1639 sint
691 1631 700 1646 ‚
744 1607 850 1640 reete
880 1609 961 1640 tum
991 1603 1143 1640 demum
1170 1603 1452 1641 aestimabimus
1469 1632 1480 1648 ,
1521 1604 1555 1640 si
1583 1605 1677 1653 quid
1705 1606 1781 1642 sint

103 1668 229 1716 ipsae,
262 1680 332 1706 our
358 1669 451 1714 sint,
480 1669 530 1706 ad
561 1669 654 1719 quid
683 1671 760 1707 sint
789 1672 1058 1720 quaerentibus
1088 1683 1134 1709 ea
1163 1683 1261 1721 quae
1286 1678 1511 1721 proponunt
1538 1673 1598 1717 hi,
1642 1674 1778 1710 dissol-

105 1747 193 1772 vere
216 1737 440 1786 poterimus.
499 1736 577 1774 Sed
604 1739 788 1775 nonnulla
825 1740 900 1776 alia
927 1740 1039 1777 etiam
1069 1746 1182 1778 antea
1212 1753 1289 1778 non
1324 1753 1529 1792 possumus
1565 1754 1642 1778 non
1669 1755 1778 1791 pera—

104 1816 211 1853 gere,
246 1806 411 1854 primum
448 1818 537 1841 num
571 1806 655 1842 fieri
682 1807 724 1843 id
749 1808 874 1856 possit
903 1814 945 1846 ut
970 1815 1076 1846 reete
1108 1810 1192 1859 quis
1221 1810 1255 1846 si
1283 1810 1397 1855 velit,
1434 1822 1476 1847 se
1506 1815 1615 1859 gerat
1651 1823 1780 1848 coram

104 1873 178 1909 deo
207 1884 253 1909 ae
283 1873 451 1910 debitam
478 1873 569 1911 huic
596 1881 768 1923 praestat
805 1872 1146 1928 θεοσέβειαν.382
1210 1876 1327 1923 Quod
1356 1883 1503 1916 tantum
1530 1879 1571 1916 in
1600 1891 1646 1916 eo
1674 1881 1780 1917 vide-

103 1940 163 1977 bis
188 1941 359 1989 positum
384 1953 469 1979 esse
499 1944 604 1992 qnod
632 1944 677 1981 fit
705 1950 749 1980 ut
776 1956 903 1981 rerum
932 1951 1038 1982 reete
1066 1951 1242 1983 naturam
1269 1947 1513 1985 intellexerit.

213 2008 478 2059 Relegavimus
509 2018 636 2050 autem
665 2024 763 2062 quae
790 2013 840 2050 ad
875 2011 1121 2066 θεοσέβειαν
1152 2015 1266 2053 sicuti
1295 2015 1346 2052 ad
1380 2011 1572 2068 ἀσέβειαν
1600 2015 1659 2051 illi
1688 2027 1779 2052 con-

105 2078 220 2114 trarie
248 2079 464 2127 oppositam
489 2082 700 2129 pertinent,
731 2081 780 2119 ad
806 2083 959 2120 tertiam
987 2082 1100 2120 huius
1128 2083 1354 2132 disciplinae
1380 2089 1542 2134 partem.
1586 2086 1686 2123 Tum
1706 2086 1782 2122 nisi

150 2185 219 2220 376
242 2187 278 2220 11
292 2188 314 2221 9
348 2187 505 2222 ‘worm
528 2188 586 2224 ἀεὶ
604 2187 662 2224 δεῖ
674 2193 897 2236 μεμνῆσθαι,

105 2243 160 2280 τίς
182 2243 206 2287 ἡ
229 2244 304 2276 τῶν
326 2239 425 2277 ὅλων
447 2244 576 2290 φύσις,
609 2246 670 2281 καὶ
692 2247 748 2285 τίς
767 2248 792 2292 ἡ
815 2246 898 2293 ἐμή,

105 2297 167 2332 καὶ
200 2301 279 2337 πῶς
317 2296 413 2344 αὕτη
446 2301 540 2347 πρὸς
571 2301 715 2347 ἐκείνην
747 2301 898 2348 ἔχουσα,

105 2355 166 2389 καὶ
201 2355 370 2391 ὁποῖόντι
399 2357 511 2403 μέρος
540 2359 677 2395 ὁποίου
706 2362 776 2395 τοῦ
805 2356 899 2396 ὅλου

105 2407 222 2446 οὔσω.

148 2469 219 2506 377
241 2471 275 2504 V
296 2472 319 2506 3
378 2471 540 2507 ‘coaetant
568 2473 718 2520 πέραινε
740 2474 900 2510 ἀκολου-

104 2529 185 2562 θῶν
207 2529 255 2574 τῇ
278 2528 393 2574 φύσει
415 2530 464 2575 τῇ
486 2526 563 2576 ἰδίᾳ
585 2530 648 2565 καὶ
670 2533 718 2578 τῇ
740 2533 867 2579 κων-[ῖ-

151 2583 222 2619 378
244 2586 280 2619 V
314 2586 361 2620 29
425 2586 544 2622 ιθέλω
578 2585 619 2622 δὲ
652 2589 748 2623 κατὰ
782 2589 900 2635 φύσιν

106 2641 176 2674 τοῦ
197 2639 349 2684 λογικοῦ
371 2642 435 2678 καὶ
455 2646 675 2680 κοινωνικοῦ
698 2644 819 2690 ςώου’.

153 2697 222 2734 379
246 2699 317 2733 vn
340 2699 382 2734 11
439 2702 505 2746 “tq‘’
516 2701 653 2748 λογικῷ·
665 2699 749 2749 ςώφ
763 2704 787 2748 ἡ
803 2703 900 2748 αὐτὴ

106 2753 240 2801 πρᾶξις
261 2754 356 2790 κατὰ
378 2755 495 2800 φύσιν
515 2755 615 2802 ἐστι,
637 2758 699 2793 καὶ
722 2759 817 2795 κατὰ
833 2760 898 2795 λό-

105 2813 193 2858 γον’.

153 2869 222 2907 380
244 2870 298 2904 vt
323 2871 375 2903 14„
424 2868 495 2905 ‘Te
517 2870 676 2907 πλεῖστα
696 2866 750 2908 ὦν
767 2873 898 2920 ἡπλη-

107 2926 177 2966 Θὺς
198 2925 392 2971 θαυμάζει,
415 2927 466 2967 εἰς
487 2927 712 2971 γενικώτατα
729 2928 899 2974 ἀνάγεται

987 2212 1031 2218 -
1055 2212 1101 2219 -
1124 2212 1169 2219 —-
1194 2192 1215 2228 ὁ
1239 2189 1280 2226 δὲ
1303 2193 1430 2238 ψυχὴν
1450 2193 1602 2239 λογικὴν
1628 2197 1782 2231 καθολι-

986 2250 1055 2294 κὴν
1084 2252 1201 2294 τιμῶν
1230 2246 1341 2283 οὐδὲν
1370 2247 1427 2284 ἔτι
1455 2253 1531 2286 τῶν
1554 2250 1679 2287 ἄλλων
1701 2252 1782 2287 ἐπι-

987 2305 1208 2352 στρέφεται·
1243 2305 1317 2351 πρὸ
1341 2305 1515 2342 ἁπάντων
1538 2305 1579 2343 δὲ
1604 2310 1673 2353 τὴν
1697 2308 1782 2344 ἑαυ-

987 2364 1056 2396 τοῦ
1096 2363 1223 2408 ψυχὴν
1262 2363 1418 2407 λογικῶς
1459 2364 1522 2399 καὶ.
1561 2368 1783 2404 κοινωνικῶς

986 2416 1147 2463 ἔχουσαν
1168 2418 1230 2453 καὶ
1252 2420 1473 2466 κινουμένην
1501 2421 1691 2466 ὑιασώςει,
1721 2422 1785 2457 καὶ

987 2476 1042 2522 τῷ
1066 2475 1235 2520 ὁμογενεῖ
1253 2476 1305 2516 εἰς
1327 2478 1444 2512 τοῦτο
1467 2481 1655 2526 συνεργεῖ.

1032 2577 1100 2614 381
1125 2579 1196 2613 vn
1218 2579 1263 2613 55
1310 2579 1379 2615 ‘Tb
1408 2579 1476 2624 μὲν
1508 2576 1576 2617 οὖν
1597 2583 1782 2629 προηγού-

986 2645 1100 2678 μενον
1119 2635 1160 2670 ἐν
1183 2636 1229 2681 τῇ
1254 2637 1323 2671 τοῦ
1347 2636 1552 2684 ἀνθρώπου
1573 2642 1782 2686 κατασκευῇ

988 2690 1032 2725 τὸ
1055 2691 1274 2727 κοινωνικόν
1296 2691 1399 2729 ἐστι’.

1034 2793 1289 2830 382vlm1.

1034 2929 1055 2950 ⁸
1078 2927 1186 2976 ἄξιόν
1210 2941 1247 2967 τι
1268 2935 1400 2979 χρῆμα.
