1878 3158
43 275 147 308 ..uic-
238 275 240 280 '

172 717 355 788 *Rerum
383 753 599 801 quarumvis
629 754 913 800 comparatione
938 751 1121 788 delectari
1141 749 1266 785 solere
1299 750 1457 793 animos,
1488 749 1554 788 ubi
1578 760 1625 786 eo
1646 760 1736 786 con-

61 821 148 858 silio
165 821 340 858 instituta
369 821 443 856 erit
479 827 522 856 ut
548 820 759 867 explicetur
790 831 865 867 qua
893 819 1098 854 concinant
1115 819 1224 853 ‘inter
1252 828 1293 852 se
1323 817 1385 853 vel
1414 828 1490 865 qua
1516 817 1738 861 dissideant,

41 889 232 937 aqui-non
249 888 432 936 negabit,
462 899 552 923 num
581 887 677 922 illud
707 888 826 934 magis
857 886 939 921 fieri
971 895 1111 932 negare
1138 885 1281 932 poterit
1309 885 1471 920 duorum
1489 884 1737 933 philosopho-

39 955 385 992 -rum-doetrinam
401 966 460 991 .eo
492 966 567 1003 quo
597 955 783 999 diximus,
825 953 938 989 modo
977 941 1044 989 aut
1073 963 1159 988 cum
1187 951 1405 988 alterutrius
1435 951 1634 988 doctrinae
1666 964 1740 988 una

40 1024 324 1073 ‘'aliqwaparte
353 1024 512 1061 eandem
541 1023 697 1059 alterius
726 1021 970 1069 comparandi
987 1020 1193 1068 periculo?

173 1091 260 1128 Illic
288 1091 451 1139 primum
480 1091 633 1140 quidem
662 1091 825 1127 fortasse
854 1090 887 1125 si
916 1094 974 1125 est
1003 1094 1061 1133 ut,
1090 1087 1212 1136 qualis
1241 1088 1339 1123 ratio
1364 1087 1556 1123 intereas
1585 1097 1647 1124 res
1677 1086 1738 1130 sit,

56 1171 126 1196 eos
157 1161 224 1208 qui
252 1166 584 1207 comparaverunt,
614 1160 753 1196 iuverit
780 1159 1038 1195 internoscere
1067 1162 1132 1193 aut
1159 1155 1332 1204 potuisse
1360 1155 1639 1199 internoscere,
1677 1155 1740 1192 hic

46 1231 324 1276 praeterquam
368 1227 473 1275 quod
513 1228 748 1275 quaerimus,
794 1237 890 1274 quae
933 1226 984 1261 sit
1026 1230 1158 1261 mutua
1191 1224 1291 1260 ratio
1328 1234 1425 1271 quae
1459 1223 1559 1260 inter
1573 1223 1740 1260 >easdem

45 1296 258 1343 utriusque
288 1295 486 1331 doctrinae
514 1301 641 1342 partes
669 1295 884 1339 intercedit,
916 1293 1010 1341 quid
1030 1293 1080 1329 sit
1099 1300 1175 1340 quo
1197 1292 1400 1329 concinant
1418 1292 1518 1328 inter
1539 1303 1579 1328 se
1601 1291 1741 1340 quidve

61 1372 138 1411 quo
169 1361 398 1406 dissideant,
434 1368 633 1409 praeterea
662 1375 737 1399 non
768 1362 978 1409 respicere,
1016 1372 1201 1409 quaenam
1230 1360 1326 1396 ratio
1358 1360 1408 1395 sit
1435 1360 1634 1408 utriusque
1663 1359 1739 1396 dis-

61 1431 224 1479 ciplinae
265 1430 312 1466 de
352 1442 427 1478 qua
469 1431 679 1478 cogitamus
697 1459 706 1475 ‚
751 1442 827 1466 uon
870 1441 1084 1477 possumus.
1143 1428 1315 1476 Namque
1351 1428 1459 1475 quasi
1494 1428 1682 1466 scintillae
1713 1438 1741 1464 ,e

61 1498 198 1547 quibus
237 1498 512 1534 accenderetur
548 1510 592 1534 ac
634 1502 935 1534 commoveretur
978 1496 1138 1532 scientia
1177 1496 1284 1532 cuius
1320 1496 1387 1532 illa
1424 1508 1514 1543 pars
1556 1497 1641 1544 ipsa
1669 1501 1739 1540 est,

61 1577 159 1615 quae
188 1566 283 1610 sint,
311 1570 386 1601 aut,
402 1578 492 1613 pars
523 1578 567 1602 ea
597 1567 646 1602 ad
675 1578 788 1614 quam
817 1566 920 1601 illam
950 1565 1023 1600 erit
1053 1568 1095 1600 ut
1123 1563 1197 1599 sibi
1225 1564 1399 1600 videatur
1429 1565 1513 1612 quis
1535 1565 1740 1612 pertinere,

51 1633 184 1683 *qualis
213 1633 281 1678 sit,
313 1635 483 1682 quamvis
514 1647 612 1683 quae
641 1641 700 1670 est
727 1632 992 1682 philosophiae
1019 1631 1185 1679 partium
1213 1632 1280 1667 uni
1302 1643 1388 1667 cum
1408 1632 1528 1669 altera
1547 1632 1740 1681 cognatio,

45 1707 102 1739 vet
131 1713 216 1738 cnm
250 1713 373 1749 paene
410 1703 593 1739 acciderit
628 1703 667 1738 in
703 1714 777 1738 una
811 1706 920 1749 parte
961 1701 1065 1749 quod
1102 1700 1154 1737 ad
1188 1700 1280 1736 alias
1316 1705 1445 1747 partes
1480 1701 1542 1737 vel
1571 1701 1739 1748 reliquas

61 1770 184 1807 minus
213 1770 427 1815 redundet,
458 1770 560 1807 haud
587 1771 642 1807 ita
667 1770 780 1817 plane
811 1781 945 1817 expers
976 1780 1107 1804 eorum
1138 1779 1234 1816 quae
1262 1769 1424 1805 maxime
1452 1769 1502 1805 ad
1530 1780 1643 1805 unam
1672 1768 1739 1804 ali·

51 1851 176 1889 quam
202 1842 350 1886 partem
379 1838 523 1882 valent,
564 1838 734 1886 putanda
762 1836 1006 1885 philosophia
1036 1841 1118 1873 tota
1147 1836 1214 1881 sit,
1257 1837 1296 1872 in
1327 1837 1450 1872 animo
1480 1841 1539 1874 est
1566 1841 1740 1885 spectare

50 1912 176 1955 ‘atque
205 1916 451 1954 cognoscere.
508 1906 633 1954 Igitur
661 1917 771 1942 nemo
798 1906 871 1941 erit
901 1905 965 1953 qui
992 1910 1108 1952 neget
1133 1903 1274 1941 habere
1300 1905 1504 1953 plurimum
1545 1904 1740 1954 gravitatis

61 1973 158 2011 hanc
186 1979 333 2022 partem
361 1973 542 2010 historiae
571 1973 837 2022 philosophiae
876 1986 973 2022 quae
1007 1985 1083 2010 non
1122 1979 1315 2021 proponat
1342 1973 1466 2010 solum
1491 1972 1740 2021 philosopho-

48 2046 144 2077 'rum
173 2042 408 2090 singulorum
437 2041 630 2078 doctrinas
661 2042 866 2090 expositas,
895 2054 1026 2078 verum
1055 2043 1168 2078 etiam
1199 2053 1296 2090 quae
1326 2041 1376 2078 sit
1398 2053 1484 2078 cum
1506 2041 1741 2078 diversarum

65 2106 322 2146 doctrinarum
360 2109 537 2158 cognatio
555 2138 564 2154 ‚
606 2116 687 2147 tum
723 2111 954 2159 singularum
988 2110 1172 2158 partium,
1215 2110 1395 2158 expediat
1425 2109 1634 2158 eademque
1664 2120 1740 2158 quo

63 2177 104 2214 id
131 2176 246 2215 modo
274 2176 416 2214 factum
443 2179 493 2214 sit
522 2182 564 2213 ut
590 2179 823 2226 profecerint
851 2180 991 2215 sensim
1019 2191 1063 2215 ac
1093 2178 1281 2227 gradatim
1309 2178 1348 2213 in
1378 2177 1741 2222 scientiahomines,

65 2245 173 2293 quasi
203 2245 273 2282 sub
304 2256 387 2286 uuo¹
411 2251 619 2293 conspectu
650 2246 814 2293 quodam
844 2247 1011 2293 positum
1037 2247 1202 2283 illustret
1230 2259 1275 2283 ac
1305 2246 1502 2284 dilucidet.

177 2312 321 2350 verum
348 2314 447 2350 enim
478 2325 569 2350 vero
598 2314 644 2350 L.
665 2314 813 2350 Annaei
837 2313 1005 2352 Senecae
1033 2315 1272 2362 disciplinam
1297 2315 1479 2351 moralem
1507 2315 1743 2362 eandemque

65 2381 118 2419 M.
147 2380 296 2418 Aurelii
323 2381 509 2420 Antonini
537 2382 776 2430 imperatoris
806 2382 859 2419 ita
889 2388 1053 2420 tractare
1082 2388 1125 2419 ut
1153 2394 1239 2420 cum
1268 2394 1344 2419 una
1378 2382 1535 2419 alteram
1571 2381 1741 2419 confera-

66 2461 168 2495 mus,
203 2450 364 2498 ingressi
394 2449 607 2498 suscepisse
636 2462 705 2486 nos
736 2449 906 2487 videmus
939 2451 1043 2500 quod
1071 2451 1259 2488 nescimus
1289 2463 1336 2486 an
1366 2451 1416 2487 ad
1445 2449 1670 2488 sufficienda
1697 2459 1744 2486 ea

67 2528 164 2566 quae
201 2517 303 2566 apud
342 2516 429 2554 illos
471 2519 754 2564 desiderentur,
800 2520 928 2567 aliquo
973 2519 1088 2556 modo
1117 2520 1242 2556 valeat
1269 2526 1308 2557 et
1337 2526 1380 2556 ut
1408 2519 1513 2568 quod
1542 2519 1591 2556 sit
1617 2518 1743 2567 ipsum

66 2589 201 2621 natura
227 2597 297 2621 sna
323 2584 426 2623 haud
453 2587 506 2623 ita
534 2587 645 2624 facile
662 2615 672 2632 ,
703 2599 884 2624 excusare
915 2588 1006 2636 quid
1035 2587 1107 2624 hae
1135 2588 1298 2636 pagulae
1328 2587 1410 2624 vitii
1438 2586 1626 2631 habeant,
1657 2597 1743 2634 spe-

68 2663 193 2689 ramus
218 2653 337 2690 ‘veriti
373 2665 422 2690 ne
458 2667 537 2692 rem
573 2656 630 2705 ita¹
663 2656 954 2693 tractaverimus
984 2661 1026 2692 ut
1054 2656 1256 2704 explanata
1285 2655 1386 2692 omni
1414 2666 1462 2691 ex
1489 2660 1598 2703 parte
1629 2658 1744 2701 atque

67 2720 242 2770 exposita
283 2721 345 2758 sit.
402 2723 553 2762 Etenim
593 2724 730 2761 desunt
758 2724 822 2773 qui
855 2724 1094 2772 disciplinam
1133 2730 1331 2773 utramque
1362 2723 1594 2760 coniunctim
1623 2720 1744 2769 expli-

69 2789 240 2826 caverint
266 2800 337 2825 nec
366 2800 442 2825 non
472 2796 511 2828 et
541 2804 636 2841 quos
667 2798 818 2830 constat
845 2791 1096 2842 applicavisse
1126 2793 1292 2830 animum
1314 2805 1424 2830 suum
1453 2792 1501 2829 ad
1531 2790 1745 2829 doctrinam

69 2857 203 2896 horum
243 2856 558 2909 philosophorum
592 2866 633 2909 et
666 2867 732 2898 aut
766 2862 806 2898 in
838 2873 948 2898 unam
983 2867 1130 2909 partem
1170 2868 1236 2900 aut
1271 2862 1310 2898 in
1340 2861 1498 2898 alteram
1532 2858 1746 2907 disputasse

1458 2940 1474 2970 1

1853 878 1878 901 *t
